4913 6032
2000 437 2097 447 -
2208 398 2343 469 vn
2452 437 2548 446 -

506 614 758 679 bones?
802 615 1164 697 accepimus
1210 610 1549 676 Macariam
1591 609 1889 673 Herculis
1945 610 1985 672 f.
2031 614 2255 693 sponte
2299 610 2487 672 morti
2534 627 2603 671 se
2645 608 3003 683 devovisse,
3048 628 3196 672 cum
3240 612 3307 672 in
3354 610 3517 675 bello
3561 611 3639 675 ab
3684 612 4042 694 Eurystheo

509 731 1015 798 Atheniensibus
1057 732 1253 797 inlato
1297 731 1423 795 tale
1468 729 1851 793 sacrificium
1895 728 1974 792 ab
2018 729 2272 793 oraculo
2306 728 2710 812 flagitaretur.
2774 730 2842 791 iu
2874 729 3060 791 cuius
3087 728 3411 793 tumulum
3439 749 3586 795 cum
3615 733 4046 797 Athenienses

510 855 701 919 flores
756 860 819 917 et
869 871 1135 922 coronas
1184 852 1581 929 conicerent,
1641 870 1727 913 ex
1769 853 1993 913 mutua
2036 848 2464 912 cohortatione
2508 845 2922 930 proverbium
2966 854 3185 911 natum
3234 868 3398 913 esse.
3486 858 3747 934 apparet
3802 854 4045 917 ultimis

511 980 757 1039 tantum
821 974 1009 1037 lineis
1069 990 1174 1035 res
1231 970 1543 1034 Macariae
1596 969 1994 1050 adumbrari,
2069 969 2157 1031 ita
2204 944 2283 1031 'ut
2341 966 2420 1031 ab
2469 967 2769 1050 Euripide
2828 987 2954 1031 non
3001 968 3384 1032 dissentiant
3428 971 3707 1053 quidem,
3758 973 3871 1036 sed
3914 993 4046 1037 non

512 1097 719 1178 magis
761 1113 904 1156 cum
952 1092 1176 1156 eodem
1221 1091 1640 1154 consentiant.
1738 1089 1927 1172 quale
1969 1090 2143 1152 enim
2187 1087 2346 1150 illud
2391 1087 2717 1151 oraculum
2763 1087 2974 1167 fuerit,
3031 1089 3217 1150 cuius
3264 1108 3459 1152 manu
3503 1088 3777 1154 Macaria
3820 1094 4047 1173 occisa,

513 1215 625 1279 ubi
671 1214 917 1297 sepulta
961 1214 1062 1292 sit,
1118 1209 1437 1291 Didymus
1483 1229 1612 1273 non
1656 1209 1978 1272 indicavit..
2069 1212 2134 1270 at
2173 1206 2439 1270 fortasse
2483 1226 2560 1270 ea
2604 1226 2767 1290 quae
2809 1207 2888 1270 de
2931 1209 3176 1271 tumulo
3220 1207 3529 1272 Macariae
3575 1208 3651 1272 ab
3700 1211 4048 1274 Athenien·

515 1335 696 1399 sibus
743 1335 847 1418 pia
886 1333 1194 1415 religione
1239 1330 1407 1393 culto
1456 1335 1809 1408 narrantur,
1852 1328 2087 1391 idonea
2129 1331 2284 1389 sunt
2322 1326 2401 1389 ad
2445 1326 2831 1408 explendam
2879 1328 3205 1409 ingentem
3252 1327 3569 1409 lacunam,
3623 1349 3751 1412 qua
3796 1329 4047 1414 Euripi-

513 1455 673 1518 deae
708 1451 1066 1536 tragoediae
1112 1469 1188 1512 ea
1225 1428 1457 1512 scaena
1495 1449 1704 1530 periit,
1748 1466 1915 1531 quae
1958 1446 2204 1509 obitum
2234 1444 2548 1508 Macariae
2591 1444 2967 1509 celebrabat.
3059 1452 3123 1510 at
3164 1448 3317 1511 haec
3360 1447 3438 1511 ab
3471 1450 3610 1532 ipso
3638 1453 4048 1532 grammatico

515 1574 868 1657 excogitata
911 1590 1076 1650 esse,
1137 1576 1209 1633 ut
1251 1569 1496 1632 scilicet
1537 1568 2067 1631 exclamationem
2111 1567 2462 1649 explicaret
2499 1560 2747 1629 ‘conice
2790 1567 2856 1628 in
2899 1564 3293 1647 Macariam',
3336 1587 3412 1630 eo
3459 1569 3662 1652 magis
3708 1575 3806 1632 est
3847 1571 4051 1632 mani-

514 1697 770 1772 festum,
835 1710 961 1772 quo
1024 1686 1413 1752 luculentius
1465 1685 1856 1767 Euripideus
1920 1684 2180 1768 quidem
2234 1685 2435 1765 10003,
2490 1686 2603 1748 sod
2650 1705 2778 1748 non
2824 1685 3306 1751 Heraclidamm
3353 1688 3481 1769 ille,
3540 1707 3887 1772 expressus
3931 1693 4044 1752 est.

514 1814 581 1875 in
619 1809 889 1874 Hecuba
933 1806 1306 1888 Talthybius
1348 1806 1428 1869 de
1470 1804 1805 1886 Polyxena
1847 1806 2002 1868 haec
2043 1804 2472 1885 pulcherrima
2515 1810 2726 1868 narrat
2753 1807 2920 1885 (571)
2961 1807 3087 1869 ἐπεὶ
3126 1798 3183 1868 δ’
3217 1803 3415 1891 ἀφῆκε
3455 1812 3687 1893 πνεῦμα
3729 1808 4049 1892 θανασίμῳ

516 1935 740 2017 σφαγῇ,
803 1921 994 2000 οὐδεὶς
1048 1922 1156 1989 τὸν
1218 1921 1402 1988 αὐτὸν
1462 1908 1621 2010 εἶχεν
1667 1922 1942 2011 Ἀργείων
2000 1916 2195 2002 πόνον,
2259 1922 2390 1986 ἀλλ’
2438 1929 2498 1986 οἳ
2552 1922 2659 2009 μὲν
2700 1921 2903 1987 αὐτῶν
2943 1921 3056 1996 τὴν
3099 1932 3404 1989 θανοῦσαν
3446 1928 3516 1989 ἐκ
3555 1933 3749 2014 χερῶν
3803 1919 4053 2014 φύλλοις

517 2050 794 2130 ἔβαλλον,
843 2050 900 2108 οἳ
941 2036 1013 2106 δὲ
1054 2047 1376 2131 πληροῦσιν
1415 2036 1601 2130 πυρὰν
1643 2036 1899 2129 κορμοὺς
1942 2042 2219 2129 φέροντες
2271 2044 2594 2121 πευκίνους,
2640 2037 2673 2107 ὁ
2720 2035 2779 2105 δ’
2833 2042 2902 2107 οὐ
2948 2044 3142 2132 φέρων
3181 2040 3324 2133 πρὸς
3365 2051 3476 2108 τοῦ
3521 2046 3802 2133 φέροντος
3845 2037 4042 2109 τοιάδ’

514 2160 732 2236 ἤκουεν
758 2156 922 2226 κακά
943 2157 1270 2240 ’Ἔτι-ηας,
1302 2155 1353 2224 ὦ
1396 2155 1666 2241 κάκιστε,
1710 2168 1790 2245 τῇ
1835 2153 2052 2226 νεάνιδι
2095 2161 2166 2225 οὐ
2205 2162 2435 2225 πέπλον
2480 2154 2624 2225 οὐδὲ
2664 2154 2892 2248 κόσμον
2934 2165 2995 2225 ἐν
3038 2176 3233 2252 χεροῖν
3274 2168 3469 2250 ἔχωνς
3512 2162 3623 2227 οὐκ
3650 2162 3704 2228 εἷ
3749 2189 3812 2227 τι
3840 2157 4058 2229 δώσων

517 2289 596 2367 τῇ
645 2281 861 2371 περδίσό
918 2272 1211 2368 εὐκαρδίῳ
1259 2272 1454 2368 ψυχήν
1498 2279 1548 2343 τ’
1588 2279 1860 2367 &pter-»5⁴⁴3
1902 2281 2273 2366 Euripidem
2319 2283 2543 2346 eadem
2587 2284 2779 2345 etiam
2807 2285 2874 2347 in
2907 2282 3264 2350 Heraclidis
3316 2284 3617 2349 habuisse
3654 2305 3845 2369 nemo
3875 2287 4059 2351 facile

521 2402 646 2466 sibi
699 2401 1138 2484 persuadebit3
1193 2404 1646 2486 grammaticus
1693 2421 1845 2468 vero
1888 2422 1927 2466 a
1966 2401 2301 2483 Polyxena
2345 2402 2424 2465 ad
2470 2402 2807 2467 Macariam
2879 2404 3296 2470 transferebat
3360 2405 3595 2489 quibus
3657 2408 4059 2470 coniecturae

521 2540 712 2604 quam
757 2521 836 2583 de
880 2520 1197 2604 proverbii
1248 2523 1492 2605 origine
1536 2522 2021 2586 commendabat
2058 2521 2252 2587 fidem
2294 2523 2676 2587 conciliaret.

859 2639 1027 2723 Ergo
1089 2640 1250 2703 nihil
1335 2659 1454 2704 nos
1513 2641 1730 2705 docuit
1790 2640 2108 2723 Didymus
2179 2644 2336 2725 quin
2401 2642 2636 2707 melius
2701 2646 2828 2707 iam
2898 2646 3239 2722 sciremus3
3318 2644 3515 2709 filiam
3594 2646 3836 2708 scilicet
3898 2645 4060 2708 Her-

521 2760 685 2822 culis
733 2757 810 2821 ab
877 2757 1181 2841 Euripide
1230 2761 1298 2822 in
1354 2758 1713 2824 Heraclidis
1770 2762 2091 2825 inductam
2165 2761 2508 2844 aliquando
2573 2761 2910 2826 Macariam
2966 2769 3252 2827 vocatam
3317 2783 3479 2828 esse.
3571 2767 3788 2848 magni
3845 2770 4059 2829 tamen

521 2879 786 2942 fortasse
825 2878 1135 2941 momenti
1178 2875 1442 2942 Duridis
1485 2882 1922 2944 testimonium
1961 2884 2139 2960 foret,
2225 2899 2400 2944 nune
2447 2882 2618 2964 apud
2664 2883 2872 2947 solum
2907 2881 3193 2946 Platonis
3240 2884 3647 2948 scholiastam
3689 2904 3773 2948 ex
3815 2884 4061 2950 Lucillo

525 3005 888 3080 servatum,
915 2999 971 3062 si
1016 3000 1232 3063 minus
1277 3006 1450 3065 esset
1493 2999 1885 3084 ambiguum.
1972 3000 2176 3064 videri
2230 3002 2403 3065 enirn
2462 3006 2670 3086 potest
2708 3001 2905 3067 Duris
2950 3011 3197 3068 tantum
3242 3024 3484 3068 morem
3530 3005 3806 3089 aliquem
3853 3004 4063 3069 Mace-

524 3120 763 3183 donum
808 3119 887 3183 ab
944 3119 1244 3184 Herculis
1303 3120 1437 3185 filia
1486 3127 1786 3204 repetere.
1899 3120 2011 3183 sed
2076 3139 2222 3185 cum
2284 3123 2545 3205 saepius
2591 3123 3070 3207 proverbiorum
3116 3126 3396 3208 origines
3455 3128 3871 3207 enarraverit,
3929 3128 4064 3190 veri
4127 3115 4148 3136 ⁰

527 3239 802 3301 similius
847 3243 945 3302 est
988 3260 1137 3304 eum
1180 3241 1258 3304 ab
1305 3262 1381 3305 ea
1428 3238 1728 3303 Herculis
1775 3240 1928 3321 filia,
1994 3260 2159 3324 quae
2218 3243 2411 3324 patris
2448 3261 2675 3325 rogum
2721 3244 3019 3324 extinxit,
3061 3245 3100 3306 i.
3134 3263 3190 3308 e.
3238 3263 3384 3309 ossa
3425 3245 3613 3328 legit,
3657 3244 4063 3328 proverbium

474 3369 479 3372 ·
529 3348 698 3437 βάλλ’
753 3362 834 3430 εἰς
873 3359 1165 3444 μακαρίαν
1199 3363 1590 3443 repetivisse.
1675 3365 1856 3446 atqui
1882 3367 2020 3425 tum
2065 3361 2175 3425 illa
2219 3365 2461 3443 patrem
2507 3366 2650 3444 post
2682 3367 2947 3425 mortem
2993 3365 3159 3427 inter
3195 3365 3348 3427 deos
3388 3370 3715 3447 receptum
3748 3371 3827 3439 εἰς
3865 3387 4064 3449 μακα-

529 3477 653 3563 ρίαν
693 3479 923 3558 ἔβαλεν,
969 3497 1181 3561 neque
1225 3479 1353 3542 ullo
1397 3489 1579 3563 pacto
1624 3482 1924 3547 credibile
1965 3486 2065 3545 est
2102 3501 2243 3545 eam
2286 3483 2486 3565 ipsam
2521 3480 2863 3545 Macariam
2894 3500 3038 3545 esse
3083 3488 3391 3546 vocatam.
3486 3485 3685 3548 solam
3720 3482 4067 3567 probamus

528 3597 693 3662 hanc
733 3596 1246 3681 explicationem,
1290 3599 1404 3662 sed
1448 3600 1751 3663 nolumus
1797 3618 1872 3663 ea
1916 3620 2028 3683 pro
2072 3601 2488 3664 fundamento
2534 3603 2648 3683 uti,
2696 3602 2882 3666 modo
2927 3603 2990 3666 id
3040 3607 3365 3682 teneatur,
3425 3599 3737 3665 Duridem
3783 3605 4065 3666 nominis

528 3724 753 3783 testem
784 3690 944 3784 ⁴esse
987 3719 1249 3783 nullius
1341 3739 1552 3802 neque
1598 3737 1761 3802 opus
1805 3725 1938 3782 erat
1981 3720 2185 3783 ullum
2230 3739 2488 3802 ponere.
2578 3720 2842 3785 Duridis
2887 3723 3061 3786 enim
3107 3728 3308 3786 aetate
3352 3720 3666 3784 Hercules
3696 3721 4069 3785 credebatur

528 3840 594 3902 in
643 3839 887 3923 ingenti
933 3836 1210 3902 filiorum
1252 3839 1430 3922 prole
1470 3859 1664 3904 unam
1705 3843 1951 3903 tantum
1996 3857 2366 3921 procreasse
2412 3839 2627 3903 filiam.
2716 3844 2902 3905 cuius
2949 3842 3238 3906 miraculi
3285 3844 3424 3923 ipse
3468 3838 3843 3904 Aristoteles
3889 3859 4068 3903 men·

535 3956 776 4020 tionem
817 3957 1023 4021 facere
1066 3978 1195 4023 non
1255 3958 1634 4044 dedignatus
1691 3963 1791 4022 est
1845 3961 2016 4038 (hist.
2061 3979 2161 4021 an.
2208 3958 2331 4020 Vll
2378 3962 2416 4022 6
2469 3963 2593 4040 45),
2661 3981 2809 4025 cum
2853 3980 3004 4025 vero
3049 3970 3297 4044 praeter
3357 3961 3592 4024 factum
3637 3960 3852 4043 ipsum
3911 3959 4069 4022 nihil

537 4074 879 4156 addiderit,
924 4095 1005 4140 ne
1049 4079 1219 4161 apud
1263 4100 1375 4145 eos
1421 4080 1679 4164 quidem
1726 4081 1837 4163 qui
1882 4080 2073 4160 idem,
2138 4098 2223 4142 ex
2268 4080 2610 4143 Aristotele
2655 4082 2982 4161 nimirum,
3045 4064 3479 4144 referunt‘aut
3519 4098 3753 4143 nomen
3799 4087 3909 4142 aut
3965 4098 4071 4143 res

534 4201 755 4280 gestae
810 4195 984 4258 illius
1036 4196 1207 4261 filiae
1272 4200 1640 4282 produntur.
1753 4200 2073 4283 Euripidis
2134 4205 2335 4262 aetate
2403 4199 2847 4283 mythographi
2914 4200 3202 4264 nondum
3246 4200 3642 4283 digesserant
3704 4201 4070 4283 prosapiam

533 4314 1040 4398 Heraclidamm,
1081 4319 1298 4403 itaque
1343 4322 1535 4384 etiam
1579 4322 1854 4385 filiarum
1901 4323 2129 4404 ingens
2174 4319 2500 4382 inducitur
2562 4337 2871 4383 numerus
2936 4322 3061 4400 (41.
3112 4323 3278 4400 544).
3392 4324 3538 4402 post
3601 4303 3969 4401 Euripidem
4015 4317 4072 4379 si

535 4436 684 4518 quis
729 4435 809 4498 de
856 4454 986 4498 una
1049 4435 1182 4499 filia
1243 4437 1544 4504 Herculis
1592 4438 1785 4504 verba
1826 4441 1992 4532 facit,
2055 4457 2196 4501 cam
2250 4440 2472 4522 utique
2519 4438 2941 4522 significatam
3010 4439 3168 4514 vult,
3256 4457 3421 4521 quae
3488 4437 3760 4501 salutem
3799 4437 4070 4500 fratrum

537 4573 657 4618 suo
702 4555 1021 4656 sanguine
1065 4554 1347 4622 redemit.
1437 4560 1743 4623 censendi
1790 4560 1986 4643 igitur
2028 4563 2181 4622 sunt
2222 4564 2286 4621 et
2330 4559 2704 4622 Aristoteles
2769 4567 2834 4622 ot
2893 4558 3090 4622 Duris
3135 4558 3404 4622 eandem
3473 4577 3666 4640 quam
3731 4555 4072 4640 Euripides

539 4693 1037 4738 commemorare
1072 4694 1436 4757 personam,
1480 4678 1592 4740 sed
1636 4679 1714 4742 de
1762 4681 2025 4742 nomine
2066 4698 2150 4742 ne
2192 4680 2341 4741 hinc
2385 4678 2646 4762 quidem
2694 4679 3045 4762 quidquam
3092 4677 3296 4741 edocti
3343 4694 3585 4740 sumus,

875 4791 1095 4858 Restat
1136 4797 1360 4860 tertius
1391 4797 1783 4877 auctor,‚sed
1829 4798 1978 4861 huic
2009 4799 2222 4861 triario
2269 4798 2424 4883 quid
2470 4803 2675 4882 potest
2715 4799 3026 4861 resistere.
3116 4795 3471 4860 Pausanias
3502 4797 3570 4858 in
3603 4795 3830 4858 Atticis
3858 4794 3987 4872 (32,
4013 4793 4074 4870 6)

539 4911 727 4976 tradit
812 4911 1182 4978 Marathone
1264 4916 1504 4981 fontem
1582 4935 1729 4981 esse
1807 4917 2187 4994 Macariam3
2288 4919 2368 4982 de
2431 4937 2561 5002 000
2635 4918 2798 4982 hanc
2861 4915 3140 4980 fabulam
3205 4915 3371 4978 ferri.
3483 4912 3857 4977 Heraclidas
3925 4930 4075 4975 cum

536 5037 711 5116 patre
754 5034 923 5116 apud
985 5032 1257 5115 Ceycem
1318 5036 1657 5099 exulantes
1714 5042 1779 5099 et
1819 5042 1963 5119 post
2020 5037 2215 5118 patris
2274 5035 2518 5100 obitum
2580 5035 2657 5099 ab
2701 5035 3063 5115 Eurystheo
3108 5031 3549 5116 expostulatos
3607 5049 3870 5094 suasore
3936 5032 4076 5114 ipso

537 5150 745 5232 Ceyce
785 5149 1019 5217 Thesei
1063 5153 1379 5217 auxilium
1424 5155 1765 5238 petivisse3
1834 5159 1970 5220 tum
2029 5155 2311 5239 primum
2375 5153 2884 5237 Peloponnesios
2941 5155 3009 5216 in
3062 5153 3340 5216 Atticam
3399 5152 3725 5234 irrupisse.
3833 5169 3962 5235 quo
4007 5153 4074 5213 in

535 5267 702 5334 bello
747 5289 895 5335 cum
940 5271 1269 5335 oraculum
1313 5273 1821 5338 Atheniensibus
1865 5274 2208 5352 edixisset,
2251 5275 2674 5338 voluntariam
2718 5275 2912 5337 unius
2958 5293 3042 5336 ex
3087 5269 3445 5335 Heraclidis
3493 5273 3730 5353 requiri
3785 5275 4077 5350 mortem,
