4913 6032
2326 394 2845 465 —1v-

815 601 895 665 ab
941 601 1223 668 Hercule
1268 609 1497 671 occisis
1551 607 1747 671 tribui
1805 606 2031 686 solent,
2090 604 2284 687 idque
2342 607 2502 685 iure,
2560 610 2629 669 ut
2671 604 3099 685 CreontiadOS,
3156 602 3242 667 ex‘
3280 604 3548 669 Creonte
3591 604 3888 688 Megarae
3925 608 4099 688 patre
4142 602 4350 683 fictuS,

816 720 1223 788 demonstrat.
1315 731 1639 810 praeterea
1679 730 1806 788 tres
1846 729 2095 787 tantum
2142 729 2450 806 auctores,
2497 728 2626 789 nisi
2656 727 2962 789 memoria
2991 725 3168 806 fallit,
3205 724 3542 790 Macariam
3571 728 3926 806 nominant,
3954 723 4349 807 PlutarchUS,

814 844 1156 926 Didymus,
1198 843 1571 908 Pausanias.
1666 862 1828 927 quos
1875 844 2166 926 singulos
2212 842 2566 907 audiamus.
2658 843 3035 910 Plutarchus
3080 848 3144 909 in
3191 845 3531 929 Pelopidae
3572 848 3704 909 vita
3745 846 3870 925 (21)
3913 849 4143 926 narrat,
4200 865 4350 910 cum

815 970 963 1029 ante
1005 984 1287 1048 pugnam
1332 963 1727 1027 Leuctricam
1773 963 1850 1026 de
1897 964 2147 1026 somnio
2191 962 2532 1046 Pelopidae
2585 970 2896 1048 ageretur,
2957 985 3084 1048 quo
3127 967 3440 1047 virginem
3483 964 3713 1028 flavam
3761 965 4087 1027 immolare
4129 966 4350 1027 iussus

817 1089 969 1165 erat,
1010 1085 1208 1146 fuisso
1254 1086 1420 1146 inter
1464 1088 1641 1146 vates
1676 1085 1788 1166 qui
1834 1082 2132 1165 exempla
2173 1084 2522 1166 proferrent
2559 1083 2860 1147 Μενοικέα
2902 1079 3013 1147 τὸν
3046 1083 3341 1170 Κρέοντος
3371 1085 3472 1146 καὶ
3501 1083 3814 1169 Μακαρίαν
3843 1078 3956 1153 τὴν
3978 1076 4350 1168 Ἡρακλέους

815 1208 879 1268 et
921 1204 1224 1285 deinceps
1269 1204 1445 1267 alios.
1536 1202 1647 1265 sed
1693 1203 1844 1264 hinc
1890 1202 2050 1264 nihil
2091 1203 2425 1286 colligitur,
2454 1206 2585 1267 nisi
2615 1207 2679 1268 in
2713 1204 3097 1287 Euripideae
3126 1204 3378 1268 fabulae
3409 1203 3885 1285 exemplaribus
3916 1203 4084 1266 idem
4117 1221 4348 1266 nomen

814 1325 943 1386 iam
987 1344 1024 1386 a
1064 1321 1401 1386 Plutarcho
1444 1323 1681 1386 lectum
1725 1340 1892 1400 esse,
1948 1322 2118 1404 quod
2163 1342 2282 1385 nos
2326 1321 2565 1386 ibidem
2610 1324 2906 1408 legimus,
2997 1343 3147 1387 nam
3191 1323 3563 1388 Heraclidas
3606 1324 3666 1385 ei
3710 1328 3926 1385 notam
3967 1322 4168 1386 fuisse
4211 1325 4351 1405 ipse

817 1446 1083 1506 testatur
1137 1445 1207 1505 in
1261 1441 1477 1505 libello
1536 1442 1613 1504 de
1672 1440 2032 1505 Stoicorum
2087 1442 2378 1505 absurdis
2441 1445 2670 1526 scripto
2737 1445 2795 1523 2,
2857 1463 3067 1527 neque
3128 1443 3493 1507 censendus
3553 1448 3652 1505 est
3716 1443 4018 1525 antiquae
4082 1442 4352 1505 crudeli-

816 1566 961 1626 tatis
1007 1563 1305 1644 exempla
1352 1582 1433 1625 ex
1477 1562 1775 1624 historico
1822 1581 2015 1644 quem
2061 1561 2415 1625 excriberet
2460 1565 2839 1644 sumpsisse,
2885 1565 3079 1625 immo
3125 1563 3472 1647 ignobilem
3514 1563 3592 1625 de
3634 1561 4002 1624 hominibus
4033 1581 4071 1623 a
4100 1560 4354 1625 Themi-

803 1684 1013 1753 „stocle
1071 1683 1413 1746 immolatis
1473 1682 2011 1745 narratiunculam
2077 1701 2161 1745 ex
2220 1681 2466 1745 Phania
2521 1681 2742 1746 Erosio
2806 1681 3103 1766 sublegit,
3164 1682 3333 1765 quod
3389 1683 3542 1744 item
3589 1683 3726 1766 ipse
3773 1685 4038 1744 testatur
4078 1684 4147 1744 in
4191 1680 4352 1745 Tho·
4397 1662 4404 1667 ¹

816 1804 1102 1868 mistoele
1150 1803 1246 1865 13.

1153 1922 1444 1984 Alterum
1487 1924 1711 1982 testem
1757 1917 2107 1998 Didymum
2155 1937 2298 1981 esse
2335 1919 2657 1999 diximus3
2704 1921 2817 1984 sed
2860 1927 2923 1984 et
2965 1941 3200 1984 nomen
3246 1923 3388 1983 eius
3428 1925 3491 1982 et
3535 1921 3749 2001 ipsum
3785 1920 4222 1982 testImonium
4268 1938 4353 1981 ex

816 2042 1134 2125 indigesta
1192 2046 1255 2104 et
1305 2059 1418 2123 por
1471 2038 1710 2102 scribas
1751 2038 2155 2120 editoresque
2198 2040 2387 2101 etiam
2435 2041 2638 2123 magis
2702 2039 3062 2123 perturbata
3122 2039 3288 2102 mole
3349 2037 3828 2121 proverbiorum
3887 2039 4354 2101 enucleandum

818 2164 931 2225 est,
1021 2162 1232 2245 agitur
1274 2136 1613 2223 autem'de
1652 2157 1989 2240 proverbio
2046 2148 2215 2238 βάλλ’
2267 2162 2348 2231 εἰς
2388 2161 2682 2247 μακαρίαν
2723 2163 2937 2244 inepte
2982 2182 3019 2222 a
3061 2159 3334 2222 Maca-ria
3376 2157 3675 2221 Herculis
3717 2157 3758 2219 f.
3803 2159 4092 2240 repetito,
4145 2176 4352 2241 eaque

818 2299 983 2363 quae
1042 2282 1323 2343 maxime
1377 2279 1503 2341 huc
1555 2278 1795 2341 faciunt
1846 2297 1959 2361 per
2007 2283 2135 2341 tres
2180 2254 2434 2342 canales
2480 2279 2558 2342 ad
2604 2299 2721 2342 nos
2767 2283 3211 2363 pervenerunt.
3302 2284 3586 2362 prostant
3663 2279 3720 2356 1)
3781 2277 3946 2360 apud
4006 2279 4355 2361 paroemio-

817 2399 1128 2482 graphum
1188 2399 1491 2481 aliquem,
1552 2417 1742 2481 quem
1803 2397 2137 2480 descripsit
2195 2398 2534 2461 scholiasta
2590 2397 2872 2462 Platonis
2929 2399 3122 2483 Hipp.
3171 2399 3200 2461 I
3249 2401 3429 2477 29311,
3495 2400 3711 2462 minus
3776 2400 4095 2481 integrum
4160 2398 4352 2460 schol.

818 2518 1046 2582 Venet.
1096 2520 1541 2602 Aristophanis
1588 2518 1751 2600 Equ.
1806 2517 1989 2595 1157,
2061 2518 2267 2599 prima
2320 2521 2568 2580 tantum
2633 2517 2943 2582 vocabula
3001 2519 3391 2601 HesychiuS,
3452 2522 3512 2597 2)
3567 2519 3740 2602 apud
3784 2517 4077 2580 eiusdem
4130 2536 4355 2599 paroe-

818 2639 1171 2722 miographi
1226 2641 1700 2722 epitomatorem
1758 2634 2133 2715 Zenobium,
2193 2637 2260 2698 in
2306 2638 2593 2718 genuina
2638 2638 2883 2721 sylloga
2922 2638 3277 2702 Milleriana
3315 2636 3379 2700 11
3424 2639 3526 2718 67,
3577 2623 3732 2701 'cum
3777 2646 3904 2720 qua
3947 2639 4357 2700 consentiunt

818 2756 1004 2841 probi
1031 2758 1282 2822 codices
1312 2757 1380 2818 B
1399 2757 1465 2839 V,
1510 2775 1783 2840 quorum
1813 2756 2118 2818 lectiones
2150 2757 2522 2838 interpolato
2552 2755 2830 2820 Zenobio
2864 2755 3157 2820 Parisino
3191 2756 3254 2819 11
3285 2759 3361 2819 61
3395 2757 3918 2821 Schneidewinus
3948 2755 4351 2839 subscripsit3

821 2878 900 2941 de
943 2876 1219 2941 Parisini
1265 2873 1858 2961 interpolationibus
1899 2875 2062 2938 infra
2106 2878 2335 2958 agitur,
2381 2877 2440 2955 3)
2486 2876 2651 2960 apud
2693 2877 2889 2940 alium
2923 2876 3212 2941 eiusdem
3262 2876 3810 2960 paroemiographi
3859 2877 4354 2958 epitomatorem,

819 2999 1007 3063 cuius
1046 2996 1239 3062 verba
1280 2999 1350 3061 in
1395 2997 1612 3060 codice
1657 2995 2048 3059 Coisliniano
2095 3001 2345 3059 servata
2382 3001 2553 3074 sunt,
2592 2996 2909 3080 descripta
2952 2998 3178 3082 partim
3220 3018 3258 3059 a
3298 2995 3530 3075 Suida3
3576 2997 3772 3061 edidit
3813 2998 3961 3060 item
4005 2995 4082 3059 ad
4117 2993 4345 3059 Zenob.

822 3117 887 3181 II
934 3120 1010 3182 61
1059 3117 1603 3183 Schneidewinus.
1695 3135 1843 3179 ecce
1886 3118 2005 3179 tria
2048 3116 2413 3179 testimonia
2456 3119 2526 3180 in
2571 3136 2702 3179 uno
2747 3121 3094 3199 conspectu
3140 3117 3456 3180 collocata.

951 3354 1156 3419 Schol.
1190 3353 1346 3418 Plat.
1389 3348 1765 3440 Ἡρακλέους
1808 3360 1921 3417 θυ-

948 3464 1160 3559 γάτηρ,
1208 3472 1490 3559 Μακαρία
1518 3467 1808 3555 τοῦνομα,
1852 3471 1924 3541 ἢν

951 3582 1135 3677 λόγος
1190 3586 1353 3653 κατὰ
1404 3586 1517 3661 τὴν
1562 3590 1925 3678 Εὐρυσθέως

954 3712 1050 3773 ἐπὶ
1115 3704 1228 3784 τάς
1281 3701 1541 3785 Ἀθήνας
1610 3683 1927 3796 στρατείαν

876 3833 915 3894 5
960 3827 1440 3892 αὐτοκέλευστον
1501 3826 1721 3900 ἑαυτὴν
1782 3824 1924 3917 ὑπὲρ

954 3954 1068 4024 τῆς
1107 3940 1344 4023 πόλεως
1388 3954 1469 4022 εἰς
1512 3944 1749 4035 σφαγὴν
1798 3949 1925 4011 ἐπι-

955 4061 1177 4131 δοῦναι·
1228 4061 1371 4141 τούς
1429 4061 1531 4130 οὖν
1576 4065 1924 4142 Ἀθηναίους

957 4181 1119 4249 κατὰ
1160 4181 1341 4271 τιμὴν
1382 4191 1493 4260 τῆς
1534 4179 1748 4260 παιδὸς
1777 4179 1926 4268 βάλ-

954 4310 1175 4380 λοντας
1247 4300 1436 4368 αὐτῦν
1507 4299 1752 4369 ἄνθεσιν
1824 4308 1927 4369 καὶ

838 4429 915 4492 10
961 4418 1276 4512 στεφάνοις
1403 4417 1928 4511 παρακελεύεσθαι

959 4555 1085 4619 τοῖς
1125 4539 1336 4619 ἄλλοις
1378 4535 1563 4607 Βάλλ’
1605 4545 1665 4618 ές
1707 4545 1925 4607 Μακα-

958 4664 1099 4751 ρίαν,
1145 4658 1228 4737 ὡς
1267 4659 1380 4734 τὴν
1420 4665 1738 4751 παροιμίαν
1779 4687 1927 4751 παρ-

960 4787 1164 4847 ελθεῖν
1219 4785 1321 4847 καὶ
1374 4785 1471 4847 ἐπὶ
1518 4789 1645 4847 τῶν
1700 4791 1927 4871 προθυ-

959 4902 1272 4988 μουμένων
1298 4927 1389 4981 τι,
1423 4895 1601 4977 αὖθις
1635 4895 1707 4966 δὲ
1734 4927 1928 4966 κατα-

838 5025 918 5088 15
961 5025 1301 5109 χρηστικῶς
1381 5022 1483 5083 καὶ
1568 5023 1664 5085 ἐπὶ
1732 5015 1930 5098 πάσης

958 5132 1366 5228 ἀφοσιώσεως.
1396 5143 1666 5229 Δοῦρις
1707 5137 1780 5205 δέ
1813 5164 1927 5229 φη-

962 5283 1053 5323 σιν
1095 5257 1195 5322 ὅτι
1237 5260 1395 5333 αὕτη
1438 5257 1552 5333 τὴν
1588 5256 1775 5348 πυρὰν
1815 5267 1928 5326 τοῦ

2177 3356 2410 3419 Zenob.
2459 3347 2645 3417 Bo'eu’
2692 3360 2773 3429 εἰς
2814 3355 3143 3441 Μακαρίαν.

2179 3483 2237 3540 οἳ
2277 3474 2384 3561 μὲν
2427 3473 2571 3535 κατ’
2605 3468 2977 3558 εὐφημισμὸν
3016 3464 3144 3547 ἐξε-

2179 3587 2434 3670 δέξαντο
2486 3594 2784 3679 λέγεσθαι
2845 3591 2977 3655 ἀντὶ
3032 3598 3142 3655 τοῦ

2184 3707 2389 3778 Βάλλε
2445 3719 2526 3787 εἰς
2569 3704 2982 3790 δειλαιότητα,
3043 3715 3143 3776 καὶ

2098 3839 2136 3899 5
2181 3834 2474 3921 μακαρίαν
2500 3834 2719 3918 χωρίον
2744 3834 2805 3896 έν
2833 3825 2982 3916 ᾅδου
3013 3828 3144 3896 δια-

2180 3959 2482 4031 τυποῢσιν,
2511 3959 2569 4015 οἳ
2594 3945 2665 4014 δὲ
2697 3948 2807 4020 τὴν
2831 3952 3146 4038 Μακαρίαν

2185 4072 2494 4159 θυγατέρα
2551 4074 2728 4158 φασὶν
2772 4042 3147 4158 Ἡρακλέους

2181 4193 2283 4254 καὶ
2332 4187 2496 4254 κατα
2544 4186 2814 4277 χρησμὸν
2854 4197 2935 4265 εἰς
2976 4182 3147 4252 ἑκου-

2183 4334 2307 4374 σιον
2342 4302 2618 4373 θάνατον
2662 4305 2881 4378 ἑαυτὴν
2911 4301 3146 4371 ἐπιδοῦ-

2056 4432 2135 4494 10
2180 4453 2275 4491 ναι
2314 4424 2478 4492 κατὰ
2516 4424 2630 4499 τὴν
2671 4427 3031 4515 Εὐρυσθέως
3068 4433 3148 4502 εἰς

2179 4543 2290 4623 τὰς
2325 4541 2584 4622 Ἀθήνας
2624 4548 2957 4635 στρατείαν.
3041 4541 3147 4610 τὸν

2181 4662 2285 4732 οὐν
2326 4659 2525 4754 τάφον
2569 4665 2756 4742 αὐτῆς
2802 4661 3015 4730 ἄνθεσι
3047 4668 3148 4728 καὶ

2184 4779 2504 4874 στεφάνοις
2543 4792 2841 4873 τιμῶντες
2884 4792 2939 4849 οἱ
2962 4785 3145 4856 Ἀθη-

2181 4916 2332 4969 ναῖοι
2359 4904 2609 4992 ὕστερον
2629 4905 2916 4991 ἐπέλεγον
2942 4896 3147 4968 Βάλλε

2058 5029 2138 5092 15
2181 5031 2262 5100 εἰς
2323 5025 2657 5111 Μακαρίαν.
2752 5019 2827 5087 τὸ
2887 5022 2995 5110 μὲν
3049 5017 3151 5087 οὖν

2181 5149 2421 5232 πρῶτον
2464 5144 2561 5206 ἐπὶ
2586 5147 2713 5204 τῶν
2746 5141 2891 5204 κατ’
2937 5138 3151 5229 ἀρετὴν

2185 5255 2484 5326 διδόντων
2511 5255 2761 5335 ἑαυτοὺς
2780 5268 2862 5336 εἰς
2884 5254 3152 5325 θάνατον

3393 3355 3652 3419 Coislin.
3687 3344 3870 3416 Βάλλ’
3912 3358 3993 3426 εἰς
4023 3353 4351 3439 Μακαρίαν·

3392 3475 3489 3537 ἐπὶ
3531 3479 3658 3536 τῶν
3702 3466 3950 3544 ἑαυτοὺς
3987 3476 4067 3544 εἰς
4096 3465 4360 3535 κίνδυνον

3392 3591 3533 3655 κατ’
3575 3587 3791 3679 ἀρετῦν
3834 3581 4145 3653 διδόντων.
4225 3590 4365 3652 Μα-

3392 3713 3567 3800 καρία
3588 3707 3702 3798 γὰρ
3730 3707 3769 3781 ἦ
3797 3706 4189 3797 Ἡρακλέους,
4215 3704 4363 3780 ὁπη-

3309 3835 3346 3895 5
3392 3833 3523 3894 νίκα
3581 3823 4051 3918 ἐπεστράτευσεν
4090 3827 4123 3895 ὁ
4170 3831 4356 3920 Εὐρυ-

3393 3946 3574 4023 σθεύς
3615 3961 3748 4025 ταῖς
3782 3943 4083 4030 Ἀθήναις,
4141 3946 4359 4022 ἑαυτὴν

3393 4061 3664 4132 ἐπέδωκε
3728 4062 3983 4155 σφάγιον
4043 4068 4185 4158 ὑπὲρ
4248 4077 4359 4146 τῆς

3390 4169 3520 4251 τῶν
3561 4193 3792 4252 λοιπῶν
3835 4192 4146 4277 σωτηρίας.
4216 4183 4359 4253 του-

3398 4333 3510 4373 του
3538 4308 3861 4394 γενομένου
3883 4314 4010 4371 τῶν
4025 4307 4359 4379 Ἀθηναίων

3271 4432 3352 4494 10
3399 4430 3653 4501 ἕκαστος
3681 4420 4019 4514 θαυμάζων
4044 4433 4156 4501 τῆς
4184 4419 4360 4514 κόρης

3393 4542 3506 4619 τὴν
3547 4543 3762 4636 ἀρετὴν
3805 4547 3838 4611 ὃ
3886 4544 3993 4633 μὲν
4032 4539 4360 4634 στεφάνους

3394 4661 3735 4750 ἐπιβάλλων
3777 4665 3809 4731 ὃ
3846 4659 3918 4729 δὲ
3947 4659 4108 4736 ἄνθη
4140 4668 4360 4753 ῥίπτων

3391 4780 3684 4873 ἐπεφώνει
3715 4779 3898 4849 Βάλλ’
3934 4787 3996 4860 ἐς
4028 4786 4358 4875 Μακαρίαν.

3393 4912 3450 4969 οἳ
3512 4898 3584 4967 δὲ
3643 4902 3783 4968 κατ’
3851 4901 4224 4992 εὐφημισμὸν
4283 4902 4358 4970 τὸ

3271 5029 3350 5090 15
3397 5025 3678 5111 μακαρία,
3735 5029 3866 5087 ἐστι
3907 5019 4020 5111 γὰρ
4065 5022 4199 5087 ἀντὶ
4247 5030 4360 5088 τοῦ

3395 5144 3458 5204 έν
3521 5134 3690 5225 ᾅδου,
3760 5144 3823 5204 έν
3892 5134 4166 5224 θανάτῳ·
4233 5145 4360 5207 ἐπεὶ

3396 5263 3613 5349 χωρίον
3641 5265 3906 5349 ἔφασκον
3944 5263 4010 5325 έν
4051 5255 4202 5345 ᾅδου
4243 5285 4360 5349 μα·
