4913 6032
1181 606 2349 847 ‚VNIVERSITArls
2463 698 3471 834 LITTERARIAE

1581 932 3086 1073 GRYPfflswALDENsls

2076 1190 2579 1255 ‘sacros

1420 1372 2398 1485 LEONARDVS
2540 1372 3263 1482 LANDOlS

2280 1619 2396 1661 cvl

1668 1781 2230 1896 CONCILIO
2296 1781 3007 1895 ACADEMICO

2281 2031 2326 2071 S.
2353 2030 2409 2072 D.

1887 2191 2231 2257 CIVIBVS
2276 2138 2811 2257 AcADEmcls.

2133 2447 2545 2456 ———

902 2646 980 2710 In
1024 2647 1348 2730 Euripidis
1390 2646 1752 2711 Heraclidis
1808 2666 2185 2731 praeconem
2236 2648 2554 2730 Argivum
2605 2648 2856 2729 proprio
2916 2647 3178 2709 nomine
3235 2646 3609 2709 destitutum
3667 2664 3815 2709 esse
3858 2647 4106 2728 primus

570 2765 933 2829 observavit
986 2763 1215 2828 Petrus
1272 2765 1641 2830 Elmsleius.
1730 2767 1843 2829 sed
1891 2769 2005 2849 qui
2046 2786 2193 2831 eum
2245 2765 2562 2848 Copreum
2606 2765 2949 2849 appellavit
2990 2766 3465 2849 grammaticae,
3521 2784 3606 2827 ex
3651 2767 3837 2829 cuius
3885 2784 4106 2830 recen·

567 2889 750 2950 sione
789 2887 997 2950 codex
1040 2885 1147 2949 ille
1189 2886 1427 2968 pendet
1457 2888 1645 2949 cuius
1685 2886 1811 2949 duo
1858 2885 2167 2951 habemus
2211 2887 2594 2970 apographa,
2639 2905 2768 2948 non
2810 2885 3021 2948 solum
3049 2885 3380 2968 vulgarem
3423 2886 3656 2948 famam
3699 2885 4104 2967 sequebatur,

567 3007 679 3071 sed
735 3008 943 3089 ipsius
998 3005 1322 3090 Euripidis
1378 3009 1659 3070 mentem
1720 3012 2058 3070 assecutus
2114 3024 2258 3069 esse
2311 3010 2523 3088 potest
2571 3005 2791 3068 videri.
2905 3023 3185 3088 namque
3248 3003 3364 3066 hos
3431 3023 3660 3068 versus
3727 3002 4103 3071 Homericos

566 3125 642 3206 (Ο
688 3126 833 3204 639)
892 3115 1245 3211 Περιφητην
1295 3125 1571 3210 Κοπρῆος
1624 3125 1797 3209 φίλον
1852 3117 1993 3202 υἱόν,
2059 3122 2125 3198 ὃς
2184 3122 2539 3262 Εὐρυσθῆος
2591 3122 2841 3187 ἀέθλων
2903 3122 3190 3210 ἀγγελίην
3248 3128 3520 3210 οἴχνεσκε
3581 3125 3677 3207 βίῃ
3730 3118 4104 3211 Ηρακληείῃ

567 3249 780 3326 aperta
819 3246 1171 3308 imitatione
1213 3247 1514 3328 exprimit
1554 3243 1769 3307 Iolaus
1812 3243 2197 3326 Euripideus
2230 3247 2310 3308 52
2356 3269 2406 3306 ω
2454 3254 2640 3329 μῖσος,
2685 3243 2793 3308 εἴθ’
2843 3239 3012 3307 ὄλοιο
3054 3239 3153 3330 χώ
3195 3243 3435 3330 πέμψας
3480 3242 3527 3307 α’
3568 3235 3728 3331 ἀνήρ,
3774 3238 3856 3318 ὡς
3899 3239 4104 3307 πολλὰ

566 3352 645 3430 δὴ
697 3363 799 3422 καὶ
850 3355 1047 3425 τῶνδε
1101 3365 1349 3446 γενναίῳ
1408 3365 1589 3450 πατρὶ
1641 3364 1713 3424 ἐκ
1763 3355 1947 3425 τοῦδε
2010 3362 2239 3427 ταύτοῦ
2285 3355 2594 3452 στόματος
2642 3357 2932 3448 ἤγγειλας
2986 3356 3167 3425 κακά.
3275 3365 3568 3428 crederes
3615 3366 3941 3429 neminem
3981 3364 4101 3429 hoc

564 3501 756 3564 posse
802 3482 1029 3545 latere:
1074 3481 1536 3563 spectatoribus
1580 3490 1748 3546 certe
1790 3488 1919 3546 tam
1962 3487 2175 3546 notam
2212 3502 2347 3546 rem
2388 3483 2521 3545 fore
2565 3480 2860 3545 credebat
2901 3480 3266 3563 EuripidQS,
3309 3487 3380 3546 ut
3422 3483 3634 3546 inutili
3674 3483 4100 3566 appellatione

563 3603 895 3685 praeconis
938 3606 1120 3665 veste
1176 3603 1329 3664 satis
1376 3602 1714 3684 significati
1757 3601 2181 3683 supersedere
2236 3602 2469 3665 mallet.
2559 3602 2762 3666 nihilo
2805 3609 3016 3666 tamen
3065 3605 3276 3693 secius
3323 3621 3530 3684 nuper
3572 3605 3784 3666 extitit
3824 3605 3937 3686 qui
3981 3603 4099 3666 hos

561 3725 690 3785 tres
734 3740 963 3785 versus
998 3714 1167 3784 ‘falsi
1208 3711 1447 3794 πάθους
1487 3717 1736 3803 plenos’
1789 3721 2155 3798 trucidaret3
2203 3737 2465 3801 prorsus
2508 3720 2678 3781 enim
2724 3717 3119 3783 intolerabile
3163 3739 3308 3783 esse
3343 3721 3514 3804 quod
3547 3722 3764 3785 versui
3794 3723 3874 3783 52
3905 3741 4100 3785 causa

563 3840 1021 3904 absurdissima
1085 3839 1497 3904 subiceretur.
1611 3840 1909 3903 nimirum
1976 3838 2154 3902 nullo
2222 3838 2347 3901 telo
2411 3847 2540 3901 tam
2609 3840 2794 3902 facile
2848 3839 3182 3903 conficitur
3237 3840 3620 3904 histrionum
3675 3842 3847 3904 fraus
3903 3859 4096 3924 quam

564 3961 761 4022 critici
804 3962 1178 4043 ignorantia.

901 4077 1041 4153 Quo
1096 4079 1343 4143 facilior
1387 4081 1451 4142 in
1498 4078 1759 4162 Copre0,
1812 4097 1891 4142 eo
1949 4077 2266 4141 difficilior
2322 4081 2614 4162 quaestio
2672 4085 2790 4158 est,
2845 4100 3004 4143 num
3061 4079 3260 4143 filiam
3305 4079 3604 4144 Herculis
3657 4100 3823 4164 quae
3868 4081 3959 4143 se·
3980 4099 4095 4162 pro

562 4196 767 4260 salute
819 4198 1029 4279 gentis
1079 4216 1233 4260 suae
1278 4201 1461 4261 morti
1507 4199 1781 4261 devovet
1819 4217 1890 4262 re
1936 4216 2087 4261 vera
2128 4196 2469 4279 Euripides
2516 4200 2775 4262 nomine
2820 4219 3036 4262 carere
3077 4200 3366 4263 volucrit.
3458 4219 3606 4263 nam
3654 4219 3887 4264 nomen
3932 4201 4095 4280 eius,

562 4317 733 4400 quod
788 4317 858 4378 in
912 4323 1287 4399 argumento
1346 4317 1615 4380 Macaria
1673 4318 1923 4401 legitur,
1978 4316 2057 4380 ab
2104 4315 2408 4398 Euripide
2467 4335 2641 4378 nunc
2669 4319 3174 4384 ‚commemorari
3219 4317 3468 4381 nullum
3513 4318 3688 4381 idem
3733 4317 4098 4381 observavit

558 4436 928 4500 Elmsleius.
1018 4437 1131 4499 sed
1175 4442 1388 4520 parata
1425 4439 1523 4500 est
1565 4439 1916 4516 excusatio,
1959 4455 2108 4500 cum
2150 4434 2632 4499 Heraclidamm
2676 4436 3066 4519 tragoediam
3115 4439 3377 4500 minime
3423 4438 3735 4520 integram
3780 4439 4093 4520 acceperi-

559 4574 704 4620 mus
748 4561 813 4619 et
854 4575 1002 4620 eum
1047 4558 1259 4639 ipsum
1306 4557 1535 4636 locum,
1622 4577 1751 4641 quo
1795 4557 2074 4639 primum
2118 4555 2183 4616 in
2232 4573 2528 4617 scaenam
2573 4553 2701 4616 filia
2750 4552 3051 4617 Herculis
3096 4554 3510 4638 progreditur,
3554 4554 3731 4617 hiare
3773 4554 3942 4617 haud
3984 4553 4093 4617 ab·

558 4675 752 4739 surda
794 4677 877 4738 sit
920 4677 1222 4759 suspicio.
1314 4676 1392 4739 ad
1435 4676 1611 4739 litem
1655 4675 2074 4739 dirimendam
2117 4676 2330 4737 visum
2376 4679 2474 4736 est
2515 4674 3004 4755 circumspicere
3049 4693 3498 4758 quaecumque
3541 4674 3621 4737 de
3665 4673 3937 4738 Macaria
3985 4673 4093 4737 illa

558 4794 725 4877 apud
782 4801 1030 4858 veteres
1092 4799 1431 4880 scriptores
1484 4795 1710 4859 tradita
1766 4796 2147 4877 accepimus.
2257 4794 2468 4875 ipsum
2527 4792 2887 4876 tragoediae
2943 4798 3390 4876 argumentum
3446 4794 3630 4857 docet
3682 4794 3883 4857 fuisse
3945 4799 4090 4856 ante

557 4911 878 4978 Christum
940 4919 1161 4977 natum
1218 4917 1328 4998 qui
1386 4915 1559 4978 illam
1612 4916 1929 4997 virginem
1988 4913 2326 4978 Macariam
2378 4917 2696 4975 vocarent
2804 4932 3017 4996 neque
3069 4913 3218 4977 inde
3261 4914 3407 4997 plus
3452 4913 3762 4977 discimus
3804 4913 3977 4996 quod
4021 4914 4089 4975 in

556 5036 855 5119 quamvis
897 5033 1115 5116 probis
1159 5037 1478 5117 excerptis
1522 5033 1905 5097 Florentinis
1961 5034 2116 5110 (cod.
2166 5035 2268 5113 56,
2312 5036 2343 5097 1
2392 5033 2844 5098 Westermann
2893 5033 3200 5118 Mythogr.
3250 5035 3395 5113 345)
3458 5036 3624 5097 inter
3681 5025 4090 5118 φιλαδέλφους

554 5161 807 5239 recepta
867 5161 965 5219 est
1021 5154 1305 5242 Μακαρία
1359 5147 1399 5224 ἦ
1437 5148 1813 5241 ’Ἡρακλέους
1859 5149 1999 5241 ὑπὲρ
2045 5159 2171 5216 τῶν
2212 5147 2501 5240 ἀδελφῶν
2546 5145 2897 5240 Θηριμάχου
2943 5154 3243 5239 Αἰχμαίου
3285 5154 3640 5227 Διοπείθους
3683 5143 4087 5239 Κρεοντιάδου

557 5266 811 5360 σφάγιον
871 5269 1090 5344 ἑαυτὸν
1141 5267 1449 5337 ἐπιδοῦσα.
1549 5295 1698 5338 nam
1764 5276 1901 5357 ipsa
1958 5276 2219 5338 nomina
2266 5276 2496 5337 inscite
2556 5275 2849 5336 immixta
2892 5279 3062 5356 sunt,
3121 5292 3287 5356 quae
3331 5275 3555 5356 partim
3605 5272 3756 5337 filiis
3797 5272 4087 5354 Megarae
