4913 6032
2382 389 2870 460 ...Χ-

861 602 930 657 ut
972 593 1051 657 ab
1094 595 1396 675 Aeschyli
1445 594 1774 657 abhorreat
1815 597 2145 679 religione,
2232 597 2523 682 Euripidi
2553 600 2880 663 familiaris
2927 606 3044 681 est,
3089 602 3220 684 qui,
3311 609 3379 664 ut
3408 602 3661 667 diversa
3703 612 3767 665 et
3806 604 4006 666 multa
4049 603 4393 681 mittamus,

860 713 1125 777 candem
1164 713 1443 777 fabulam
1490 715 1682 777 etiam
1729 716 1798 777 in
1850 712 2182 780 Thebanas
2226 736 2329 781 res
2372 720 2639 783 invexit„
2734 739 3130 803 quamquam
3160 722 3336 784 enim
3377 721 3661 785 nondum
3690 721 3944 784 videtur
3986 720 4391 785 observatum

865 852 1027 907 csso,
1076 840 1309 912 tamen,
1358 834 1548 896 modo
1590 835 1734 916 quis
1797 836 2202 917 antiquitates
2247 834 2582 901 Thebanas
2631 839 2844 922 paullo
2890 840 3260 923 diligentius
3307 843 3795 922 pertractat—orit,
3842 861 3968 904 non
4012 839 4394 904 desiderabit

861 953 1078 1015 multis
1108 951 1379 1035 probari,
1404 953 1575 1035 quod
1625 971 2094 1033 asseveramus,
2120 954 2539 1020 Menoeceum
2582 957 2874 1022 Creontis
2917 958 3120 1022 filium
3168 961 3511 1049 omniaque
3554 980 3718 1043 quae
3762 961 3841 1023 de
3886 980 3962 1024 eo
3993 961 4058 1022 in
4086 959 4393 1023 Phoenis-

862 1072 952 1133 sis
998 1076 1147 1134 sunt
1190 1069 1268 1133 ab
1314 1070 1620 1154 Euripide
1671 1092 1815 1135 esse
1860 1072 2094 1153 ficta-¹¹⁸).
2183 1074 2337 1157 quid
2378 1074 2547 1157 quod
2589 1095 2817 1160 graves
2862 1096 3092 1140 causac
3136 1079 3241 1141 vel
3271 1079 3336 1142 id
3380 1077 3702 1161 probabile
3747 1079 4040 1155 reddunt,
4063 1078 4394 1142 Erechthei

860 1189 1027 1252 filias
1072 1189 1150 1252 ab
1194 1190 1499 1274 Euripide
1551 1194 1614 1254 in
1656 1191 1783 1255 Leo
1829 1192 2104 1254 filiarum
2149 1192 2357 1255 locum
2406 1212 2551 1257 esse
2597 1193 2990 1259 substitutas.

1197 1310 1376 1385 Quae
1423 1312 1725 1393 quoniam
1769 1312 2108 1375 admodum
2154 1312 2566 1395 probabiliter
2605 1313 2792 1377 nobis
2830 1314 3125 1378 videmur
3172 1315 3528 1398 collegisse,
3597 1315 3759 1378 ultro
3804 1316 4220 1398 consequitur
4267 1334 4394 1378 non

861 1431 1069 1493 solum
1114 1450 1556 1514 quaecumque
1603 1438 1713 1495 aut
1753 1432 1833 1495 de
1876 1431 2176 1496 Herculis
2224 1435 2412 1496 unica
2454 1433 2587 1496 filia
2631 1439 2741 1496 aut
2768 1433 2845 1496 de
2877 1432 3150 1498 Macaria
3177 1434 3510 1497 traduntur
3538 1453 3622 1497 ox
3669 1434 3995 1517 Euripidis
4039 1432 4397 1497 Heraclidis

861 1556 1185 1634 tamquam
1232 1552 1455 1615 ultimo
1502 1553 1672 1615 sonte
1718 1571 1865 1615 esse
1908 1553 2274 1635 repetenda,
2322 1553 2435 1616 sed
2481 1552 2671 1615 etiam
2719 1551 2795 1614 ab
2845 1551 3226 1635 Apollodoro
3259 1552 3644 1615 Atheniensi
3687 1552 3966 1615 eandem
4007 1551 4396 1634 tragoediam

861 1671 1184 1754 pingendo
1232 1691 1600 1754 expressam
1650 1691 1812 1736 esse.
1890 1675 2059 1756 quod
2104 1674 2319 1756 magni
2365 1671 2667 1734 facimus:
2738 1670 2992 1733 videtur
3048 1671 3220 1732 enim
3266 1671 3714 1752 antiquissima
3755 1668 3969 1732 fabula
4014 1646 4188 1733 osse*
4204 1690 4396 1753 quam

864 1792 1111 1873 pictura
1138 1791 1496 1870 tragoediae
1525 1790 1769 1871 debeat,
1793 1791 2013 1855 saltem
2046 1790 2448 1873 Euripideae.
2510 1810 2658 1854 cum
2687 1796 2901 1853 tamen
2930 1796 3181 1873 propter
3205 1791 3410 1872 ipsam
3455 1790 3647 1852 huius
3689 1791 3835 1852 facti
3864 1791 4181 1852 raritatem
4215 1789 4396 1852 facile

863 1910 1184 1993 quispiam
1233 1909 1586 1973 rationibus
1639 1912 1872 1974 nostris
1933 1911 2192 1985 diffidat,
2260 1913 2439 1975 iuvat
2501 1912 2625 1974 alio
2683 1913 2943 1975 nomine
3004 1911 3338 1973 ostendere
3399 1911 3556 1993 quid
3619 1908 3993 1973 Heraclidae
4047 1908 4397 1991 Euripidea

858 2028 1029 2111 apud
1087 2027 1515 2092 Athenienses
1572 2029 1854 2093 valuerit.
1967 2029 2135 2112 quod
2194 2037 2262 2093 ut
2341 2031 2422 2093 ad
2475 2031 2990 2112 persuadendum
3059 2037 3203 2112 apte
3263 2030 3402 2111 fiat,
3462 2030 3856 2114 disponenda
3903 2036 4054 2093 sunt
4098 2049 4264 2112 quae
4316 2029 4395 2092 de

864 2145 1347 2210 Heraclidamm
1378 2149 1587 2211 reditu
1609 2146 2047 2211 divolsisSIma
2076 2147 2493 2212 narrabantur
2519 2169 2631 2233 pro
2662 2150 3062 2233 singulorum
3104 2150 3404 2214 Graeciae
3435 2150 3811 2234 populorum
3861 2151 4024 2213 odiis
4068 2150 4398 2213 studiisre.

861 2267 1086 2348 praeiit
1128 2271 1340 2330 autem
1388 2268 1560 2329 viam
1604 2267 1827 2330 dextro
1871 2267 2032 2349 pede
2077 2266 2430 2331 Odofredus
2475 2267 2823 2361 Muellerus
2863 2267 3036 2347 (Dor.
3082 2268 3112 2330 I
3162 2271 3292 2345 53).

1195 2384 1647 2468 Peloponnesii
1711 2385 2085 2449 Heraclidae
2114 2436 2129 2465 ‚
2194 2385 2485 2469 Spartani
2551 2394 2756 2467 certe,
2844 2390 3156 2471 originem
3242 2407 3426 2451 suam
3492 2408 3530 2450 a
3595 2385 3831 2449 Doride
3917 2389 4244 2470 metropoli
4307 2406 4402 2450 re-

861 2505 1177 2589 petebant.
1267 2525 1337 2569 se
1381 2524 1496 2587 per
1535 2507 1764 2568 fretum
1809 2508 1973 2569 inter
2015 2503 2180 2569 Rbia
2224 2507 2607 2570 interiacens
2639 2508 3087 2589 paeninsulam
3131 2510 3404 2570 intrasse
3434 2526 3508 2569 ac
3545 2506 3896 2590 profligatis
3937 2507 4211 2569 Achaeis
4256 2525 4403 2570 sen·

868 2629 989 2690 sim
1038 2625 1435 2689 nobilissima
1479 2644 1775 2708 quaeque
1819 2625 2050 2708 oppida
2087 2645 2455 2708 occupasse.
2557 2626 2849 2690 adfirmat
2891 2627 3008 2689 hoc
3053 2625 3472 2690 Archidamus
3515 2624 3832 2704 boemus,
3879 2625 4147 2689 idoneus
4197 2628 4399 2709 magis

861 2746 1052 2810 etiam
1108 2749 1324 2807 auctor
1380 2764 1571 2827 quam
1620 2743 1912 2826 Ephorus
1955 2743 2249 2807 Isocratis
2308 2744 2698 2829 discipuluS‚
2750 2751 2942 2829 atque
3005 2764 3322 2808 summam
3375 2746 3467 2808 rei
3525 2745 3720 2808 multo
3785 2746 4178 2828 antiquiores
4235 2746 4400 2831 elegi

862 2868 1258 2937 confirmant,
1302 2884 1463 2947 quos
1488 2862 1918 2946 Apollodorus
1963 2862 2289 2927 Strabonis
2334 2864 2514 2943 (362)
2538 2864 2800 2946 apponit
2830 2861 3098 2943 Tyrtaeo
3122 2860 3406 2925 tributos.
3469 2861 3548 2925 ab
3594 2862 3837 2925 eisdem
3885 2882 4034 2926 vero
4077 2864 4400 2947 Spartanis

862 3006 991 3051 non
1037 2986 1322 3069 potuisse
1370 2984 1695 3048 victoriam
1752 2980 1934 3063 Hylli
1980 2987 2089 3046 aut
2131 2981 2288 3047 Iolai
2320 2981 2647 3063 celebrari,
2688 3002 2852 3067 quae
2905 2981 3262 3046 Heraclidis
3306 2981 3579 3047 liberum
3625 2984 3689 3046 in
3737 3000 3940 3045 vacua
3981 2981 4400 3063 Mycenarum

860 3125 1059 3189 regna
1085 3105 1325 3169 aditum
1356 3102 1637 3186 parabat,
1665 3109 1728 3165 et
1761 3106 2264 3166 consentaneum
2305 3105 2406 3165 est
2432 3107 2497 3165 et
2533 3101 2847 3165 futtilibus
2874 3102 3222 3165 illustratur
3249 3104 3627 3165 commentis
3673 3101 3911 3184 quibus
3957 3103 4398 3188 mythographi

864 3225 1197 3306 utramque
1238 3224 1660 3286 narrationem
1704 3222 2013 3304 copulant
2055 3219 2331 3301 (Diodor.
2382 3219 2472 3283 IV
2521 3222 2642 3300 53).
2728 3219 2961 3284 melius
2997 3222 3430 3299 conveniunt,
3474 3240 3863 3303 quamquam
3909 3223 4204 3303 primitus
4249 3243 4398 3286 con-

861 3342 1122 3404 venisse
1168 3361 1356 3405 nemo
1399 3347 1606 3424 potest
1651 3341 1986 3425 spondere,
2030 3338 2447 3425 Tegeatarum
2494 3342 2793 3423 antiquae
2836 3339 3077 3403 laudes,
3153 3340 3302 3403 inde
3345 3339 3423 3404 ab
3456 3339 3740 3404 Hesiodo
3779 3341 4154 3418 celebratae,
4197 3341 4400 3405 Eche-

860 3480 1039 3524 mum
1085 3458 1333 3545 Tegeae
1377 3478 1592 3543 regem
1638 3457 1955 3550 Tyndarei
1998 3478 2307 3542 generum
2368 3461 2434 3521 in
2498 3460 2639 3541 ipso
2682 3457 2921 3523 Isthmo
2967 3459 3373 3542 propulsasse
3419 3460 3836 3541 irruptionem
3894 3458 4400 3540 Heraclidarum,

1196 3742 1719 3813 ¹⁹⁶)-M5thographos
1773 3744 2202 3813 recentioresque
2263 3759 2448 3797 omnes
2503 3742 2795 3812 scriptores
2849 3748 2908 3799 et
2963 3750 3151 3815 poetas
3202 3762 3264 3800 ex
3301 3744 3576 3816 Euripidis
3637 3744 3950 3799 Phoenissis
3986 3744 4214 3814 pendere
4251 3762 4404 3799 nemo

863 3832 1164 3892 mirabitur.
1202 3833 1296 3902 qui
1330 3835 1478 3892 recte
1515 3831 1855 3899 cognoverit.
1896 3846 2058 3900 quam
2094 3830 2369 3899 ingentem
2406 3830 2542 3884 haec
2576 3831 2922 3900 potissimum
2967 3832 3246 3901 tragoedia
3294 3833 3545 3902 plausum
3581 3832 3771 3886 tulerit
3790 3869 3802 3888 ,
3853 3847 3991 3900 quae
4025 3847 4121 3901 per
4179 3832 4401 3886 titulum

864 3919 1107 3988 quamvis
1142 3920 1462 3985 argumento
1500 3917 1718 3971 minime
1755 3917 2162 3971 convenientem
2217 3920 2381 3985 atque
2417 3917 2552 3970 alias
2588 3917 2762 3986 magis
2800 3919 3046 3987 apposite
3086 3923 3404 3988 usurpatum
3438 3919 3547 3972 iam
3583 3917 3650 3971 ab
3707 3917 4000 3971 Aristotele
4039 3919 4156 3971 sine
4209 3924 4398 3987 poetae

863 4005 1078 4059 nomine
1113 4003 1365 4057 laudatur
1427 4004 1565 4070 (eth.
1604 4003 1682 4056 IX
1719 4007 1797 4066 6).
1869 4018 2041 4070 neque
2100 4018 2302 4056 moram
2347 4003 2565 4058 facessit
2623 4002 2763 4072 quod
2818 4002 3114 4058 Pausanias
3154 4004 3262 4072 (lx
3298 4007 3394 4072 25)
3439 4005 3710 4059 Menoeeei
3765 4005 4068 4074 sepulcrum
4104 4005 4269 4066 vidit3
4340 4006 4398 4059 in

865 4091 1120 4146 Thebana
1156 4090 1497 4159 potissimum
1534 4089 1795 4159 periegesi
1850 4092 2039 4158 utpote
2075 4087 2224 4142 urbis
2260 4088 2343 4142 bis
2382 4090 2467 4144 vel
2500 4092 2588 4143 ter
2621 4089 2834 4143 dirutae
2868 4090 3236 4144 recentissima
3272 4107 3515 4159 quaeque
3550 4089 3933 4159 antiquitatem
3968 4091 4243 4145 simulant.
4306 4091 4402 4146 sed

865 4181 1081 4247 arrepta
1135 4175 1470 4231 indoctorum
1523 4176 2000 4244 grammaticorum
2054 4175 2300 4229 doctrina
2353 4192 2498 4230 nunc
2550 4177 2787 4246 plerique
2852 4175 3122 4230 Menoecei
3156 4163 3556 4246 Euripidesres
3591 4176 3661 4231 ad
3695 4177 4014 4245 Megareum
4068 4176 4401 4231 transferunt

864 4264 1116 4319 Creontis
1153 4266 1209 4317 et
1244 4261 1542 4330 Eurydicae
1572 4263 1761 4322 filium.
1799 4261 1863 4315 de
1901 4263 2054 4315 cuius
2092 4265 2263 4315 morte
2302 4260 2440 4316 nihil
2493 4267 2824 4332 compertum
2860 4260 3118 4315 habemus
3156 4262 3259 4315 nisi
3297 4261 3438 4331 qnod
3477 4266 3701 4317 nuntius
3738 4262 3803 4316 de
3837 4261 4108 4329 Eurydica
4142 4264 4402 4316 moriente

862 4352 999 4406 dicit
1034 4350 1392 4419 inSOphoolis
1412 4349 1688 4416 Antigona
1709 4348 1861 4410 1302,
1898 4348 2177 4401 κωκύσασα
2212 4349 2313 4416 μὲν
2351 4347 2439 4402 τοῦ
2475 4356 2606 4415 πρὶν
2638 4346 2902 4402 θανόντος
2931 4352 3217 4418 Μεγαρέως
3264 4346 3473 4404 κλιινὸν
3503 4350 3648 4416 λέχος
3684 4341 3845 4403 αὖθις
3883 4346 3940 4403 δὲ
3970 4346 4133 4411 τοῦδε,
4162 4350 4405 4404 λοίσθιον

862 4434 918 4491 δι’.
953 4446 1035 4492 σοι
1090 4431 1256 4491 nands
1309 4434 1531 4505 πρόξεις
1587 4433 1937 4505 ἐφυμνήσασα
1993 4431 2067 4501 τῷ
2139 4430 2505 4500 παιδοκτόνῳ,
2546 4432 2687 4488 uude
2722 4438 2971 4504 sequitur
3005 4434 3169 4490 libere
3223 4435 3487 4490 iudicanti
3539 4435 3743 4489 homini
3764 4476 3778 4498 .
3844 4436 4016 4490 fuisse
4065 4435 4299 4490 fabulam
4338 4435 4404 4490 de

866 4524 1114 4591 Megareo
1165 4538 1273 4577 non
1327 4522 1505 4575 minus
1560 4521 1759 4575 infelici
1818 4521 2013 4574 marito
2072 4536 2231 4589 quam
2272 4520 2478 4573 Haemo
2514 4519 2619 4572 fuit
2639 4560 2652 4581 .
2712 4519 2939 4575 fortasse
3004 4522 3137 4575 item
3196 4526 3417 4591 propter
3452 4521 3626 4591 patris
3661 4521 3933 4575 invidiam.
4020 4522 4185 4577 fuisse
4220 4526 4402 4576 autem

864 4611 1171 4677 Megareum
1239 4608 1393 4662 illum
1455 4607 1699 4661 adultum
1766 4612 1931 4676 atque
1995 4611 2275 4660 strenuum
2360 4606 2567 4673 patriae
2630 4605 2958 4659 defensorem
3020 4623 3082 4658 ex
3119 4606 3372 4673 Aeschyli
3412 4605 3669 4660 Thebana
3728 4605 3910 4659 fabula
3973 4611 4189 4661 constat
4252 4609 4404 4674 (472)

864 4695 1239 4748 Menoeeceum
1277 4698 1340 4747 ut
1385 4693 1707 4760 intellegant
1742 4697 2135 4762 praeoccupata
2170 4692 2420 4763 opinione
2475 4696 2759 4746 moventur
2797 4708 2903 4761 qua
2939 4691 3192 4761 Sophocli
3234 4708 3353 4746 eam
3410 4709 3548 4762 quae
3601 4693 3657 4746 in
3697 4690 4008 4746 Phoenissis
4045 4697 4130 4747 est
4167 4693 4404 4749 fabulam

864 4785 1046 4835 notam
1082 4796 1197 4834 esse
1232 4784 1483 4841 sumunt;
1531 4785 1594 4834 ut
1640 4781 1957 4849 intellegere
1986 4780 2212 4850 possint.
2261 4782 2480 4835 mutant
2521 4779 2665 4845 λέχος
2701 4778 2902 4834 Bothio
2939 4778 3073 4833 duce
3108 4780 3166 4833 in
3203 4779 3382 4846 λάχος,
3421 4793 3745 4848 quamquam
3785 4778 3864 4831 sic
3902 4780 3984 4832 vel
4031 4781 4096 4832 de
4133 4780 4407 4835 Haemone

862 4882 978 4920 sors
1014 4866 1288 4936 praeclara
1324 4866 1669 4934 praedicatur
1702 4866 1899 4935 inepte.
1942 4882 2005 4920 ac
2053 4866 2291 4936 profecto
2343 4865 2547 4920 nudum
2584 4865 2679 4919 τοῦ
2717 4872 2848 4932 πρὶν
2894 4864 3156 4920 θανόντος
3203 4883 3309 4920 non
3345 4865 3649 4934 scripsisset
3690 4865 3981 4934 Sophocles
4019 4865 4082 4920 de
4119 4883 4180 4921 eo
4218 4869 4311 4937 qni
4347 4886 4407 4922 se

864 4968 1040 5022 ipsum
1087 4969 1183 5021 pro
1227 4952 1407 5020 patria
1452 4952 1634 5020 gladio
1677 4953 1961 5022 percussit.
1989 4951 2307 5021 fecissetque
2333 4955 2391 5005 et
2434 4952 2768 5005 Haemonem
2795 4953 2853 5003 et
2888 4949 3151 5004 Tiresiam
3198 4952 3550 5005 Creontemve
3589 4951 3689 5010 filii
3724 4967 3895 5021 nuper
3927 4968 4024 5021 pro
4053 4954 4232 5022 patria
4269 4972 4409 5008 mor·

864 5040 949 5092 tui
984 5054 1290 5093 memorem.
1364 5054 1488 5092 nam
1536 5038 1679 5109 quod
1713 5055 1761 5092 r.
1799 5039 1904 5093 935
1940 5039 2050 5092 huc
2084 5038 2340 5092 trahunt:
2403 5038 2480 5091 ibi
2516 5040 2706 5100 Creon,
2767 5036 2903 5098 urbi,
2940 5035 3136 5105 inquit,
3177 5034 3428 5104 prodesse
3467 5036 3709 5092 Tiresiae
3767 5038 4026 5092 vaticinia
4082 5037 4246 5093 didici
4314 5056 4408 5109 pa-

864 5123 1077 5186 tiendo;
1114 5124 1255 5193 quod
1282 5124 1525 5179 locastae
1563 5125 1729 5178 frater
1766 5140 1873 5178 non
1912 5124 2090 5177 minus
2127 5139 2409 5193 perpessus
2443 5128 2558 5176 erat
2593 5138 2755 5191 quam
2788 5121 3034 5176 Menocei
3069 5126 3239 5191 pater.
3314 5122 3597 5191 Megareus
3633 5124 3886 5191 Megarae
3919 5123 4092 5178 frater
4116 5128 4410 5193 genuinum

882 5211 1197 5279 Spartornm
1231 5226 1457 5277 germen
1493 5213 1603 5263 est:
1639 5209 1955 5263 Menoeceus
1990 5209 2285 5263 insitivum.
2339 5208 2473 5262 facit
2509 5211 2711 5270 autem,
2751 5211 2815 5261 ut
2851 5224 2948 5277 par
2982 5212 3083 5271 est,
3116 5206 3186 5261 ad
3217 5208 3560 5276 Megarenses
3594 5209 3820 5271 fabulas,
3858 5209 3913 5263 in
3953 5211 4145 5279 quibus
4182 5216 4410 5267 recurrit

867 5300 1142 5364 tamquam
1184 5296 1447 5350 Onchesti
1484 5296 1642 5350 filius.
