4913 6032
2107 422 2205 431 ..-
2314 384 2354 449 ἶ)
2473 421 2561 430 -..

1854 592 1967 655 Dn.
2014 593 2079 655 F.
2131 591 2504 673 SOMMER
2545 616 2596 656 Ρ.
2647 617 2699 658 μ.
2755 618 2800 658 κ.

900 747 956 829 l)
1014 745 1279 809 Publice
1334 748 1534 813 situs
1592 749 2137 811 intestinorum
2206 753 2547 832 corporis
2611 752 2914 812 humani
2969 750 3425 812 demonstrabit
3489 750 3688 812 semel
3755 749 3924 832 p.,11.
3975 748 4102 815 hor.

563 869 681 931 def.
711 866 902 935 -11›
934 865 1237 929 Privatim
1270 866 1761 948 histologiam
1808 874 1876 929 et
1909 870 2363 931 anatomiam
2411 871 3044 951 microscepicam
3077 871 3649 933 demonstrationes
3678 869 4103 933 adiuncturus

560 987 811 1059 docebit
856 985 1019 1049 dieb.
1064 984 1225 1048 Lun.
1271 984 1461 1050 Mero.
1514 987 1675 1049 Ven.
1726 988 1853 1050 lior.
1900 983 2012 1047 IV.
2202 968 2211 973 ⁸

1835 1205 1900 1282 3)
1941 1206 2325 1264 PRIVATIM
2368 1206 2838 1263 DOCENTIUM.

1654 1322 1775 1424 Da.
1820 1360 1892 1417 A.
1938 1357 2622 1437 BENOELSDOEFF,
2662 1380 2823 1422 νων.
2869 1379 2999 1423 noe.

900 1517 1164 1584 Publice
1209 1521 1296 1582 de
1337 1519 1746 1582 diaetetico
1786 1538 1902 1581 nec
1948 1538 2074 1581 non
2120 1519 2198 1581 de
2246 1521 2743 1583 nutrimentis
2790 1520 3057 1582 disseret
3100 1519 3264 1582 dieb.
3315 1518 3498 1582 Merc.
3550 1525 3612 1583 et
3650 1520 3775 1583 Sat.
3824 1520 3953 1583 hor.
3982 1518 4099 1582 IX.

1679 1705 1794 1769 Da.
1840 1705 1906 1767 F.
1955 1725 2036 1768 nr:
2076 1703 2605 1787 PREUSCHEN,
2649 1726 2807 1769 rmv.
2855 1725 2987 1768 noc.

904 1866 1210 1932 Privatim
1260 1870 1316 1947 1)
1357 1855 1445 1930 de
1490 1866 1772 1930 morbis
1819 1866 2227 1929 mulierum
2272 1867 2542 1947 disseret
2585 1866 2746 1929 dieb.
2793 1865 2977 1930 Mero.
3028 1871 3092 1929 et
3138 1864 3265 1928 Iov.
3319 1867 3447 1929 hor.
3495 1864 3569 1943 -V3
3617 1868 3682 1947 2)
3724 1868 4106 1949 operatio-

567 2007 701 2051 nes
746 1983 1243 2052 obstetricias
1274 1985 1702 2049 moderabitur
1743 1985 2600 2070 exercitationibusque
2645 1988 2720 2048 in
2765 1986 3245 2069 phantomate
3291 1986 3794 2049 instituendis
3841 1988 4109 2069 praeerit

566 2107 732 2176 dieb.
777 2107 951 2173 Mart.
984 2072 1057 2171 'et
1100 2106 1264 2169 Van.
1315 2106 1448 2169 hor.
1496 2103 1664 2171 vm.

1848 2238 1962 2304 Dn.
2007 2240 2084 2302 A.
2134 2239 2448 2320 BUDGE,
2495 2260 2655 2302 Pntv.
2705 2258 2836 2303 noc.

907 2401 1208 2465 Privatim
1278 2403 1338 2484 1)
1385 2401 1896 2486 osteologiuam
1943 2404 2017 2462 et
2053 2400 2752 2485 syndesmolegiam
2797 2401 3082 2464 tractabit
3127 2400 3290 2464 dieb.
3326 2399 3488 2464 Lun.
3537 2399 3711 2495 Mart.
3753 2400 3941 2464 Mero.
3978 2402 4106 2464 hor.

568 2522 713 2586 VII.
762 2561 836 2568 -—
889 2524 956 2603 2)
1000 2542 1306 2586 cursum
1353 2522 1990 2603 microscopicum
2038 2519 2467 2583 moderabitur
2511 2520 2675 2583 dieb.
2721 2519 2853 2583 Iov.
2901 2519 3064 2582 Ven.
3116 2520 3238 2586 Sat.
3285 2520 3414 2583 hor.
3457 2517 3583 2580 VII
3627 2526 3690 2582 et
3731 2518 3911 2582 VIII.

1804 2776 1813 2783 .
1878 2716 1992 2783 Da.
2043 2716 2418 2803 BEUMER,
2464 2738 2624 2784 rmv.
2663 2738 2799 2780 noe.

909 2870 1174 2935 Publice
1218 2870 1305 2934 de
1346 2871 1660 2934 selectis
1705 2870 2055 2954 partibus
2101 2871 2509 2953 hygieines
2557 2870 2911 2954 publicae
2957 2878 3027 2936 et
3081 2872 3411 2956 politiae
3460 2870 3805 2935 medicae
3843 2872 4114 2936 disseret

569 2993 667 3058 bis
709 3013 771 3078 p.
820 2993 878 3056 h.
927 2992 1062 3056 hor.
1112 2988 1180 3053 V.

1578 3111 1693 3175 Da.
1740 3110 1925 3175 MAX
1973 3110 2495 3191 SCHUELLER,
2538 3131 2731 3190 paor..
2775 3133 2935 3179 parv,
2979 3133 3111 3180 noc,

882 3268 1004 3328 :Ex
1050 3266 1272 3330 itinere
1312 3266 1518 3330 redux
1564 3267 1815 3329 scholas
1854 3265 2174 3329 indicabit.

1822 3453 1936 3517 Da.
1986 3450 2491 3528 STRUEBING,
2531 3472 2691 3514 va.
2739 3471 2869 3514 noc.

910 3606 1007 3671 De
1056 3610 1335 3674 morbis
1380 3612 1726 3691 laryngis
1780 3629 1929 3672 cum
1980 3606 2542 3671 exercitationibus
2597 3607 3138 3690 laryngoscopicis
3177 3609 3467 3689 practicis
3503 3607 3773 3670 disseret
3816 3613 3913 3669 ter
3951 3626 4008 3688 p.
4057 3606 4113 3675 h,

572 3727 704 3790 hor.
751 3727 870 3790 del.

1860 3794 1976 3856 Dn.
2026 3792 2446 3874 LOEBKER,
2492 3814 2650 3858 mez
2700 3812 2829 3855 noe.

912 3949 966 4032 Ι)
1000 3948 1263 4013 Publice
1296 3951 1374 4012 de
1407 3948 1878 4032 operationibus
1910 3950 1975 4010 in
2010 3948 2216 4010 ossib
2236 3966 2318 4010 us
2349 3954 2412 4010 et
2443 3946 2796 4011 articulis
2830 3946 3234 4010 instituendis
3266 3928 3533 4009 disseret
3564 3946 3761 4008 semel
3791 3964 3852 4026 p.
3883 3945 3941 4007 h.
3977 3946 4105 4006 hor.

571 4069 692 4132 def.
732 4107 808 4115 —
838 4068 928 4150 II)
974 4039 1275 4133 Privatim
1324 4070 1400 4133 de
1455 4068 1721 4132 fasciis
1771 4075 1842 4130 et-
1878 4069 2418 4129 instrumentis
2466 4068 2926 4149 chirurgicis
2972 4066 3458 4128 exercitationes
3505 4064 3921 4126 adiuncturus
3967 4069 4110 4146 aget

500 4205 517 4213 ·
575 4189 675 4252 bis
717 4211 778 4273 p.
828 4191 885 4252 h.
937 4191 1066 4254 hor.
1115 4191 1233 4253 def.

1361 4413 1516 4524 IV.
1596 4413 2154 4526 SCHOLAE
2232 4411 3313 4526 PHILOSOPHORUM.

1702 4629 1760 4695 1)
1817 4626 2359 4682 PROFESSORUM
2399 4624 3019 4682 ORDINARIORUM.

1759 4770 1874 4834 Dn.
1923 4771 2005 4833 H.
2049 4769 2434 4839 ULMANN,
2479 4791 2531 4832 Ρ.
2581 4791 2631 4831 P.
2683 4787 2734 4830 o.
2807 4789 2939 4862 nne.

912 4920 962 4998 1)
1012 4919 1275 4986 Publice
1344 4926 1417 4986 in
1491 4927 1904 4988 seminario
1972 4927 2340 4989 historico
2411 4926 3020 4987 exercitationes
3081 4922 3164 4984 ad
3221 4922 3619 4985 historiam
3664 4920 3891 4983 medii
3936 4921 4114 4983 aevi

578 5043 1155 5122 temporumque
1197 5045 1712 5106 recentiorum
1760 5044 2240 5124 pertinentes
2282 5042 2713 5106 moderabitur
2755 5044 2860 5106 die
2904 5043 3090 5105 Mero.
3143 5044 3270 5104 hor.
3309 5040 3463 5103 VlII
3507 5047 3568 5103 et
3598 5039 3713 5102 IX.
3751 5079 3831 5086 —-
3864 5039 3950 5120 11)
3980 5037 4117 5101 Pri·

574 5158 772 5220 vatim
838 5178 956 5221 res
1025 5162 1097 5221 in
1158 5159 1461 5242 Europa
1526 5169 1782 5244 gestas
1849 5162 2024 5224 inde
2089 5162 2175 5224 ab
2231 5183 2283 5224 a.
2350 5161 2874 5225 MDCXLVlII
2920 5181 3164 5243 usque
3221 5161 3306 5224 ad
3352 5183 3406 5227 a.
3460 5157 4117 5224 MDCCLXXXVI

575 5276 897 5340 enarrabit
942 5277 1109 5345 dieb.
1147 5279 1309 5343 Lun.
1354 5280 1529 5343 Mart.
1579 5281 1718 5344 Iov.
1769 5281 1920 5344 Ven.
1972 5283 2099 5345 lior.
2148 5282 2296 5345 XII.
