4913 6032
498 624 996 683 commemorant
1052 617 1420 701 Apollodori
1479 616 1896 679 Atheniensis
1955 616 2266 696 picturam
2322 618 2389 678 in
2448 634 2577 697 qua
2631 616 2818 676 eraut
2867 617 2921 673 οἱ
2974 605 3371 697 Ἡρακλεῖδαι
3429 616 3529 675 καὶ
3585 606 3884 699 Ἀλκμήνη
3940 617 4041 678 καὶ

492 731 873 823 Ἡρακλέους
926 728 1202 821 θυγάτηρ
1254 734 1603 806 Ἀθηναίους
1645 725 2037 809 ἱκετεύοντες,
2106 730 2424 817 Εὐρυσθέα
2468 721 2756 804 δεδιότες,
2845 752 3038 814 quam
3081 734 3392 813 picturam
3438 735 3504 795 in
3552 737 3799 816 porticu
3843 738 4039 801 Athe-
4091 818 4096 823 Ι

500 858 713 920 11101181
756 859 822 935 (i-.
867 875 921 920 e.
970 857 1035 917 in
1082 853 1257 918 Picta
1300 857 1569 937 porticu)
1624 855 1824 917 tuisse
1868 873 1951 917 ex
2004 854 2242 917 scholio
2286 853 2638 933 recentiore
2683 870 2814 913 neu
2860 856 2994 914 tute
3042 853 3389 934 collegeris,
3483 853 3593 916 sed
3643 873 3806 937 quae
3851 861 4037 919 vetus

499 976 604 1038 ille
652 977 1102 1057 grammaticus
1153 974 1359 1056 prodit
1419 992 1612 1037 aurea
1669 975 1884 1037 omnia
1928 980 2118 1053 sunt,
2176 992 2386 1055 neque
2446 969 2799 1055 quidquam
2858 970 3046 1033 refert
3095 975 3310 1034 utrum
3381 974 3641 1036 nomina
3688 972 4036 1057 figurarum

499 1117 581 1159 ex
643 1093 1169 1175 inscriptionibus
1221 1093 1299 1157 ab
1356 1093 1737 1176 Apollodoro
1772 1093 2106 1176 adscriptis
2146 1092 2497 1174 sumpserit
2540 1089 2734 1173 (quod
2776 1087 3174 1171 probandum
3241 1089 3539 1172 videtur).
3584 1112 3666 1155 an
3712 1112 3794 1156 ex
3841 1093 4036 1177 probo

500 1220 857 1278 enarratorc
903 1213 1226 1277 addiderit.
1343 1232 1492 1295 crgo
1552 1213 1719 1275 circa
1773 1211 2122 1275 Alcibiadis
2180 1216 2450 1274 aetatem
2510 1212 2577 1271 in
2630 1212 3047 1272 monumento
3105 1209 3314 1270 Attice
3372 1230 3448 1272 ea
3491 1210 3622 1273 filia
3680 1232 3844 1295 quac
3904 1213 4039 1277 sela

498 1337 664 1397 inter
740 1333 1112 1397 Heraclidas
1190 1335 1431 1395 eminet
1488 1334 1750 1395 nomine
1832 1330 2098 1395 carebat.
2186 1330 2604 1412 consequitur
2689 1327 2862 1390 idem
2929 1330 2995 1390 in
3043 1327 3365 1411 Euripidis
3412 1332 3735 1414 tragoedia
3777 1353 3904 1395 non
3956 1333 4035 1396 ob

499 1453 805 1516 damnum
852 1458 1216 1534 temporum
1274 1454 1509 1515 iniuria
1566 1452 1836 1515 inlatum
1888 1451 2069 1529 fieri,
2174 1450 2286 1513 sed
2351 1449 2504 1531 quia
2579 1446 2917 1529 Euripides
2979 1448 3112 1528 ipse
3181 1466 3416 1511 nemen
3499 1451 3747 1539 nullum
3839 1457 4032 1515 norat.

500 1574 701 1635 multo
743 1579 887 1657 post
929 1574 1071 1634 eius
1115 1578 1382 1633 aetatem
1451 1572 1709 1634 demum
1752 1571 1896 1633 fons
1939 1572 2000 1633 ei
2040 1571 2177 1633 loco
2224 1569 2336 1654 qui
2380 1564 2725 1647 Eurysthei
2757 1573 2945 1648 caput
2987 1564 3329 1629 vocabatur
3383 1570 3635 1631 vicinus
3682 1590 3766 1632 ex
3815 1571 4033 1634 eadem

501 1690 759 1775 historia
779 1690 1011 1754 famam
1057 1689 1177 1754 sibi
1225 1692 1547 1773 quaesivit
1589 1694 1652 1753 et
1690 1692 1874 1773 quasi
1919 1692 2103 1771 pretii
2147 1689 2285 1752 loce
2321 1706 2514 1749 suum
2544 1703 2784 1748 nomen
2831 1683 3024 1747 nobili
3059 1692 3309 1768 propter
3352 1687 3514 1751 facta
3559 1691 3839 1752 nominis
3884 1709 4037 1753 vero

499 1810 807 1893 indigenti
850 1811 1082 1893 virgini
1129 1811 1461 1873 concessit.
1553 1828 1745 1892 quam
1778 1808 2147 1892 popularem
2206 1809 2436 1872 famam
2485 1810 2826 1887 postquam
2881 1821 3050 1865 unus
3096 1822 3178 1866 ex
3221 1806 3466 1869 ultimis
3520 1806 4034 1892 Atthidographis

499 1927 688 2007 (Ister
745 1931 1074 2007 nimirum)
1126 1931 1395 2012 recepit,
1453 1934 1517 1990 et
1557 1926 1910 1991 Pausanias
1952 1930 2204 1991 invenit
2270 1928 2497 1989 litteris
2541 1920 2905 1987 mandatam
2945 1927 3008 1985 et
3051 1922 3309 2004 Didymi
3355 1929 3573 1988 auctor
3616 1932 3678 1989 et
3720 1948 4035 2009 gramma·

497 2049 664 2109 tiens
695 2049 751 2108 is
784 2049 894 2128 qui
941 2052 1385 2130 argumentum
1416 2046 1896 2110 Heraclidarum
1929 2049 2195 2131 scripsit.
2253 2045 2436 2109 nobis
2481 2064 2629 2107 vere
2660 2061 2790 2105 nen
2815 2043 3090 2125 amplius
3133 2043 3278 2105 licet
3324 2047 3524 2126 queri,
3568 2047 3635 2109 in
3679 2045 4035 2110 Heraclidis

501 2171 648 2227 ante
696 2186 753 2226 v,
804 2167 950 2244 474,
1014 2165 1125 2229 ubi
1184 2142 1457 2230 Macaria
1505 2169 1783 2248 primum
1838 2165 2141 2247 procedit,
2206 2166 2554 2248 quidquam
2625 2161 2940 2224 interisse.
3032 2181 3105 2223 ac
3158 2162 3480 2226 fatendum
3538 2170 3634 2227 cst
3693 2167 3815 2229 iam
3879 2167 4037 2229 nihil

488 2304 647 2347 esse
693 2284 860 2367 qued
901 2286 969 2347 iu
1015 2288 1474 2350 sententiarum
1519 2305 1773 2348 conexu
1817 2284 2237 2348 desideretur.
3523 2368 3534 2373 ἱ

836 2404 1101 2486 Aliquid
1148 2406 1619 2488 indagavimuS,
1664 2403 1937 2466 necdum
1980 2421 2132 2465 vero
2179 2404 2350 2465 satis.
2443 2417 2609 2482 quae
2647 2397 2727 2460 de
2758 2396 3034 2461 Macaria
3063 2399 3520 2481 colligebamus
3559 2403 3791 2486 pusilla
3834 2410 4032 2484 erant,

501 2522 612 2584 sed
660 2524 925 2586 minime
968 2525 1273 2607 pusillum
1334 2531 1433 2588 est
1488 2523 1659 2605 qued
1714 2522 1897 2604 plura
1952 2540 2079 2584 nen
2156 2524 2528 2603 suppetunt.
2618 2536 2767 2581 nam
2813 2519 2869 2580 si
2909 2517 2987 2581 ab
3043 2528 3344 2602 excerpto
3401 2521 3787 2603 Florentino,
3864 2523 4034 2606 quod

500 2660 645 2704 cum
707 2643 846 2724 ipso
908 2642 1389 2705 Heraclidarum
1463 2646 1836 2726 argumente
1907 2641 2398 2719 coniunximuS,
2454 2638 2833 2717 recesseriS‚
2900 2639 3400 2721 mythographus
3465 2661 3590 2704 nen
3644 2649 3742 2704 est
3808 2645 3920 2726 qui
3968 2645 4033 2705 in

501 2760 872 2823 enarrandis
912 2760 1397 2825 Heraclidarnm
1451 2760 1644 2823 rebus
1703 2766 2155 2822 commemoret
2206 2759 2529 2821 victoriam
2589 2757 2859 2839 virginis
2920 2763 3120 2820 morte
3187 2758 3582 2841 redemptam
3665 2780 3827 2826 esse.
3945 2763 4035 2826 bi-

503 2878 850 2943 bliothecae
893 2879 1352 2963 Apollodoreae
1393 2881 1667 2943 narratio
1714 2898 1910 2961 supra
1961 2879 2285 2961 preposita
2327 2880 2426 2938 est
2467 2877 2533 2938 in
2589 2876 2959 2957 interpolato
3008 2876 3304 2940 Zenobio.
3402 2877 3719 2943 Diodorus
3763 2880 3876 2961 (lv
3930 2883 4035 2963 57)

476 2964 687 3062 'etiam
727 3002 1036 3083 copissior
1077 3006 1202 3078 est3
1250 3002 1569 3065 censentit
1614 3021 1760 3065 cum
1824 2998 2144 3063 Pausania
2200 2995 2575 3062 Heraclidas
2633 2993 2710 3058 ad
2767 2991 3085 3058 Theseum
3145 2997 3539 3082 confugisse,
3593 3002 3802 3066 lecum
3855 3003 4032 3066 exilii

500 3116 937 3200 Tricerythum
968 3122 1272 3202 nominat,
1316 3140 1465 3186 eum
1506 3140 1764 3203 pagum,
1811 3121 1923 3202 qui
1952 3117 2291 3181 Macariam
2321 3117 2559 3179 sentem
2600 3135 2668 3177 re
2701 3133 2852 3178 vera
2895 3120 3207 3183 continet:
3260 3140 3375 3184 nec
3412 3127 3620 3186 tamen
3664 3123 3742 3184 de
3787 3124 4034 3206 virgine

500 3238 864 3319 quidquam.
939 3260 1148 3323 neque
1191 3242 1373 3304 aliter
1407 3242 1520 3323 qui
1555 3238 2036 3302 Heraclidarum
2081 3238 2322 3299 Atticas
2366 3253 2471 3297 res
2516 3236 2861 3316 tetigerunt
2905 3237 3396 3304 florentissimae
3439 3244 3660 3306 aetatis
3702 3244 4035 3325 scriptores

496 3353 858 3419 Herodotus
896 3357 1021 3436 (lX
1067 3361 1170 3435 27)
1217 3357 1623 3439 Thucydides
1680 3357 1758 3439 (Ι,
1803 3358 1869 3439 9)
1912 3355 2220 3421 Isocrates
2266 3358 2522 3437 (paneg.
2574 3354 2850 3432 54—60)
2896 3357 3359 3440 epitaphiorum
3406 3364 3741 3446 scriptores
3787 3364 4032 3426 mentiti

497 3477 759 3538 nemina
816 3473 1046 3555 Lysiae
1104 3477 1407 3557 (ll—15)
1459 3481 1522 3540 et
1565 3476 2019 3541 Demosthenis
2063 3478 2195 3558 (8),
2253 3477 2533 3560 denique
2593 3476 2705 3560 qui
2762 3473 3078 3538 uberrime
3143 3498 3262 3541 nec
3316 3481 3524 3542 solnm
3571 3483 3671 3544 liis
3717 3482 4033 3564 exemplis

496 3613 657 3657 usus
695 3596 936 3657 Atticas
977 3595 1212 3678 glorias
1248 3599 1650 3679 persequitur
1690 3597 2000 3661 Aristides
2035 3597 2305 3680 (panath.
2347 3593 2467 3658 175
2513 3595 2747 3672 Diud.).
2809 3597 2921 3679 qui
2952 3597 3042 3676 fit,
3076 3603 3142 3660 ut
3172 3618 3395 3662 omnes
3432 3602 3734 3663 invictam
3763 3601 4033 3683 virginis

496 3715 793 3777 virtutem
840 3715 1187 3777 reticeant?
1244 3713 1497 3780 videtur
1550 3717 1668 3779 hoc
1727 3737 1987 3802 quoque
2048 3737 2223 3780 nunc
2281 3718 2541 3780 demum
2583 3716 2998 3798 perspicuum
3042 3737 3222 3800 esse,
3265 3727 3606 3804 postquam
3651 3725 3899 3783 constat
3951 3740 4033 3783 110

498 3835 756 3896 nomine
800 3833 1059 3916 quidem
1124 3835 1421 3899 illustrari
1487 3837 1660 3899 illam
1708 3838 2068 3919 virginem,
2142 3855 2355 3919 neque
2416 3856 2564 3899 cum
2597 3835 2727 3898 ulle
2775 3834 2912 3898 loco
2945 3854 3123 3898 sacro
3153 3841 3558 3902 coniunctam
3608 3861 3774 3920 0880,
3819 3819 4030 3924 neque

499 3951 844 4033 quidquam
891 3953 970 4015 (10
1017 3975 1092 4017 ea
1136 3957 1370 4018 narrari
1435 3958 1591 4039 quin
1646 3958 1715 4019 in
1776 3956 1992 4019 multis
2048 3956 2246 4019 multo
2302 3953 2724 4018 nobilioribus
2784 3955 3017 4019 fabulis
3058 3959 3256 4020 multo
3301 3958 3691 4023 luculentius
3733 3967 4030 4024 recurrat.

498 4070 656 4133 nihil
691 4078 822 4148 est,
883 4093 998 4135 cur
1038 4079 1230 4138 tetam
1281 4074 1559 4139 fabulam
1602 4082 1749 4139 ante
1792 4076 2160 4159 Euripidem
2207 4076 2407 4139 fuisse
2449 4075 2816 4152 credamus;
2881 4077 3356 4161 simplicissima
3417 4085 3634 4159 parata
3692 4085 3790 4141 est
3831 4080 4033 4162 expli-

495 4191 673 4254 catio,
783 4189 974 4254 finxit
1041 4196 1423 4259 sacrificium
1478 4196 1865 4279 EuripideS,
1919 4197 2057 4258 sive
2115 4198 2327 4277 potius
2391 4213 2475 4256 ex
2560 4194 2980 4259 nobilioribus
3039 4197 3167 4259 illis
3227 4196 3456 4260 fabulis
3516 4198 3592 4261 ad
3653 4197 4024 4262 Heraclidas

493 4314 829 4376 transtulit.
919 4313 1287 4378 additicium
1346 4320 1557 4378 autem
1617 4335 1762 4380 esse
1826 4318 2098 4400 virginis
2162 4314 2553 4399 supplicium
2607 4334 2690 4378 ex
2771 4318 2915 4399 ipsa
2970 4336 3181 4380 rerum
3238 4322 3561 4400 gestarum
3626 4320 3792 4380 serie
3837 4338 4030 4400 quam

493 4431 830 4516 Euripides
876 4435 1173 4515 proponit
1215 4433 1550 4517 colligitur.
1661 4455 1810 4498 nam
1854 4437 1953 4498 fac
2003 4438 2144 4499 sine
2182 4436 2462 4501 infauste
2502 4436 2757 4499 oraculo
2803 4434 3182 4518 Demophon
3213 4437 3476 4501 rediret:
3545 4437 3767 4500 eedem
3809 4437 4031 4498 ordine

494 4554 707 4615 emnia
748 4552 1176 4635 procederent,
1268 4553 1530 4615 victoria
1574 4573 1747 4617 nunc
1792 4573 2050 4638 quoque
2090 4575 2202 4639 per
2248 4556 2750 4620 Atheniensium
2796 4561 2858 4618 et
2919 4554 3097 4637 Hylli
3145 4559 3441 4621 virtutem
3485 4560 3773 4638 paratur,
3836 4557 4030 4618 immo

492 4669 790 4733 Herculis
831 4672 1049 4735 divina
1095 4691 1231 4754 epe,
1297 4672 1382 4734 ita
1451 4677 1519 4735 ut
1583 4693 1785 4755 paene
1852 4673 2193 4738 obscurum
2240 4677 2343 4755 sit,
2388 4677 2544 4758 quid
2588 4677 2849 4739 tandem
2917 4678 3187 4759 virginis
3231 4678 3424 4740 caede
3470 4675 3791 4738 efficiatur.
3906 4695 4032 4757 qua

492 4791 694 4852 recisa
751 4808 897 4851 cum
952 4790 1430 4873 mythographis
1492 4791 1622 4852 fere
1666 4795 1982 4854 consentit
2025 4790 2377 4875 Euripides,
2471 4801 2534 4858 at
2587 4796 2796 4859 hercle
2857 4801 3158 4878 exempta
3213 4815 3290 4859 ea
3341 4814 3616 4877 persona
3668 4814 3832 4876 quae
3899 4794 4032 4856 sola

491 4908 890 4992 gravioribus
956 4909 1423 4973 misericordiae
1487 4908 1816 4973 affectibus
1871 4931 1990 4976 nes
2048 4919 2376 4997 permovet
2419 4916 2700 4998 tragicus
2767 4917 3028 4999 spiritus
3085 4918 3154 4977 in
3221 4933 3573 4998 sanequam
3617 4915 3775 4977 exili
3819 4913 4032 4977 fabula

491 5029 678 5111 plane
730 5029 1232 5111 extingueretur.
1339 5036 1404 5094 at
1466 5031 1619 5114 quid
1678 5032 1795 5094 hoc
1851 5031 2112 5115 probat?
2179 5033 2570 5097 laudandum
2635 5053 2783 5097 esse
2849 5034 3223 5117 Euripidem
3292 5037 3422 5118 qui.
3468 5054 3615 5098 cum
3683 5039 3884 5097 certas
3950 5031 4029 5096 ob

486 5149 772 5211 rationes
816 5147 1293 5213 Heraclidamm
1340 5170 1444 5213 res
1507 5151 1745 5234 populo
1799 5155 2234 5235 propositurus
2280 5158 2486 5234 esset,
2531 5173 2648 5217 suo
2695 5156 2839 5217 iure
2885 5173 3043 5217 usus
3087 5153 3384 5219 Herculis
3431 5157 3790 5239 prosapiam
3834 5173 4032 5234 gene-

488 5287 633 5331 rosa
676 5269 807 5332 filia
853 5272 1136 5346 auxerit,
1200 5276 1271 5333 ut
1325 5272 1392 5333 in
1440 5277 1863 5354 spectatorum
1918 5274 2152 5335 animis
2206 5273 2469 5336 affectus
2527 5275 2836 5337 excitaret
2892 5276 3181 5357 tragicos,
3242 5294 3407 5357 quae
3447 5274 3732 5357 fingendi
3779 5275 4032 5337 licentia

3572 5405 3606 5452 2
