4913 6032
2324 409 2903 486 -xlv—

843 618 1051 698 tibus3
1112 621 1349 684 diserte
1405 626 1667 683 vocatur
1716 622 1837 682 114
1898 610 2102 704 χώρας
2156 611 2344 688 τῆσδε
2406 622 2509 682 καὶ
2558 612 2795 696 πόλεως
2849 613 3019 696 ἄναξ.
3105 622 3386 687 habitare
3437 629 3651 687 autem
3711 622 4078 686 Marathone
4123 622 4392 688 debebat

844 760 982 820 rex,
1030 746 1099 803 ut
1143 746 1205 802 et
1245 740 1537 823 opitulari
1584 742 1795 805 statim
1841 745 2060 822 posset
2094 746 2157 802 et
2196 739 2691 822 intellegeretur,
2720 760 2835 803 cur
2861 739 3240 806 Heraclidae
3269 740 3702 806 Marathonem
3744 742 3958 824 potius
3983 761 4185 824 quam
4213 744 4388 824 ipsas

844 860 1134 922 Athenas
1189 866 1488 943 peterent.
1584 880 1749 942 quae
1809 861 1875 922 in
1934 860 2051 922 hac
2094 879 2307 922 rerum
2352 859 2873 942 conformatione,
2926 862 2982 924 si
3025 861 3104 924 ad
3148 862 3405 944 singula
3444 860 3903 946 probabilitatis
3947 864 4211 925 nomina
4253 864 4390 926 exi·

847 986 1120 1061 geretur,
1164 978 1562 1041 incredibilia
1602 980 2064 1057 invenirentur,
2122 985 2373 1059 poetam
2418 979 2597 1043 nullo
2641 985 2826 1062 pacto
2866 980 3189 1064 fugerunt,
3251 981 3363 1044 sed
3408 1000 3526 1045 suo
3570 983 3709 1045 iure
3752 984 4036 1064 speravit
4080 1001 4229 1046 eum
4277 983 4388 1066 qui

846 1095 1093 1160 liberali
1139 1097 1527 1180 tragoediam
1572 1102 1946 1180 sequeretur
1988 1099 2203 1160 animo
2236 1103 2301 1160 et
2328 1098 2665 1182 deceptum
2695 1099 2774 1161 iri
2803 1103 2868 1161 et
2896 1099 3065 1182 quod
3096 1099 3492 1184 deciperetur
3518 1101 3898 1166 laetaturum
3930 1120 4093 1167 esso.
4161 1121 4387 1185 quam-

844 1235 1039 1298 quam
1071 1215 1410 1299 Euripides
1456 1234 1586 1277 non
1627 1217 1683 1278 is
1729 1220 1826 1278 est
1869 1218 1979 1298 qui
2025 1220 2409 1299 spectatores
2450 1218 2516 1279 in
2566 1218 2667 1280 his
2713 1219 3037 1281 extraneis
3081 1217 3276 1281 rebus
3320 1221 3781 1302 cognoscendis
3812 1222 4045 1285 morari
4076 1223 4383 1303 patiatur:

846 1335 1061 1416 itaque
1105 1337 1173 1396 in
1217 1334 1479 1417 prologo
1511 1333 1706 1397 verba
1746 1337 1963 1417 posuit
2009 1338 2273 1399 minime
2304 1334 2626 1420 ambigua,
2672 1356 2838 1420 quae
2868 1339 2996 1401 nisi
3027 1339 3308 1420 pessime
3341 1339 3659 1403 intellecta
3690 1344 3756 1403 et
3784 1340 4016 1404 idcirco
4047 1340 4387 1403 dilacerata

850 1458 1068 1515 essent
1111 1452 1246 1516 sola
1289 1455 1820 1538 excripsissemus

1686 1562 1882 1645 πάσης
1924 1564 1994 1632 δὲ
2036 1564 2238 1658 χώρας
2275 1565 2588 1648 Ἑλλάδος
2627 1565 2973 1659 τητώμενοι

1697 1687 2055 1774 Μαραθῶνα
2096 1691 2197 1751 καὶ
2242 1682 2574 1778 σι’φιληρον
2612 1683 2901 1766 ἐλθόντες
2942 1683 3146 1776 χθόνα

1692 1805 1886 1868 ἱκέται
1926 1800 2368 1892 καθεζόμεσθα
2413 1802 2633 1895 βώμιοι
2674 1815 2842 1872 θεῶν

1566 1927 1647 1987 34
1691 1931 2177 2012 προσωφελῆσαι.
2246 1920 2424 1990 πεδία
2463 1923 2578 2014 γὰρ
2622 1921 2812 1997 τῆσδε
2851 1923 3082 2013 χθονὸς

1562 2044 1642 2105 36
1687 2036 1891 2131 κλήρῳ
1935 2038 2241 2131 λαχόντας
2283 2048 2353 2107 ἐκ
2395 2047 2602 2132 γένους
2641 2039 2977 2120 Πανδίονος

1564 2164 1644 2226 35
1680 2155 1927 2238 ’δισσοὺς
1969 2176 2270 2227 κατοικεῖν
2314 2165 2565 2239 Θησέως
2605 2157 2824 2238 παῖδας
2865 2157 3049 2249 λόγος

1686 2275 1877 2345 τοῖσδ’
1933 2278 2112 2369 ἐγγὺς
2156 2278 2358 2357 ὄντας·
2408 2275 2493 2347 ὧν
2533 2285 2709 2346 ἕκατι
2751 2284 3039 2370 τέρμονας

1700 2406 1950 2465 κλεινῶν
1982 2401 2254 2472 Ἀθηνῶν
2294 2394 2461 2466 τόνδ’
2515 2394 2875 2489 ἀφικόμεσθ’
2931 2399 3083 2487 ὅρον.

840 2519 1177 2600 tetrapolin
1225 2538 1297 2582 se
1340 2522 1598 2584 venisse
1642 2522 1795 2585 dicit
1838 2521 2072 2591 lolauS.
2117 2525 2268 2606 quia
2288 2520 2521 2587 Thesei
2551 2523 2668 2585 fih‘i
2696 2522 2786 2585 ibi
2816 2521 3173 2584 habitarent
3200 2518 3680 2582 Heraclidarum
3712 2522 3850 2603 (per
3879 2517 4200 2582 Pittheum
4232 2520 4384 2600 208)

841 2638 1100 2715 affinem
1164 2659 1237 2702 ea
1293 2640 1373 2704 de
1432 2660 1627 2705 causa
1672 2662 1742 2705 se
1787 2645 1853 2705 in
1896 2644 2060 2706 fines
2106 2643 2506 2706 Athenarum
2552 2643 2810 2704 venisse
2846 2635 2953 2703 ‘ad
2994 2641 3165 2703 hunc
3208 2636 3603 2705 terminum’.
3689 2640 4001 2701 terminus
4048 2638 4154 2701 ille
4200 2658 4380 2702 mon·

842 2762 1092 2837 stratur,
1137 2758 1316 2821 adest
1358 2761 1422 2822 in
1458 2780 1709 2841 scaena,
1750 2763 2093 2845 inscriptus
2130 2764 2432 2825 nimirum
2475 2759 2607 2848 ὄρος
2640 2758 2943 2837 'Aevvam
2988 2764 3315 2842 praeterea
3343 2761 3412 2822 in
3445 2761 3572 2822 aris
3603 2764 3750 2822 ante
3780 2758 4089 2840 templum
4123 2758 4376 2834 sedent3

840 2877 1149 2959 templum
1179 2876 1348 2941 Iovis
1392 2881 1665 2944 forensis
1710 2900 1854 2945 esse
1900 2903 1955 2944 v.
1995 2883 2072 2944 70
2112 2881 2327 2945 Iolaus
2370 2881 2539 2944 dicit.
2627 2900 2748 2943 nec
2791 2880 3046 2944 difficile
3091 2879 3284 2959 dictu,
3330 2879 3518 2962 quale
3562 2879 3768 2942 forum
3813 2880 4004 2941 fuerit
4045 2879 4123 2942 ad
4167 2880 4379 2942 termi-

844 3015 1035 3061 num:
1099 2991 1289 3084 ἀγορὰ
1345 2999 1578 3085 ἑφορία,
1642 3021 1835 3084 quam
1894 3021 1972 3063 ox
2031 3002 2478 3084 antiquissima
2540 3002 2681 3084 lege
2743 2998 3210 3066 Demosthenes
3268 3000 3553 3063 nominat
3609 2999 3934 3078 (Aristocr.
3981 2999 4102 3078 39),
4203 2996 4377 3061 lovis

843 3123 1055 3180 autem
1114 3118 1315 3182 fuisse
1368 3121 1629 3183 tutelam
1676 3122 2093 3184 terminorum
2138 3127 2202 3183 et
2244 3140 2329 3183 ex
2371 3120 2682 3203 religione
2727 3119 2966 3182 Graeca
3011 3125 3238 3199 sponte
3289 3119 3581 3200 sequitur
3622 3123 3684 3180 et
3728 3116 4003 3179 dilucide
4047 3116 4231 3180 docet
4272 3139 4379 3181 ara

841 3233 1014 3298 Iovis
1058 3238 1409 3299 terminalis
1436 3239 1503 3299 in
1550 3237 1710 3300 Foro
1745 3239 2061 3301 terminali
2092 3237 2474 3301 Chersonesi
2514 3238 2682 3322 apud
2713 3238 3158 3322 Hegesippum
3202 3238 3281 3301 de
3310 3236 3588 3300 Halonn.
3637 3239 3736 3303 40.
3784 3237 4192 3320 splendidum
4222 3257 4377 3300 sane

840 3356 1153 3436 templum
1206 3356 1398 3419 huius
1449 3358 1552 3420 dei
1598 3378 1726 3421 non
1773 3358 1891 3421 fuit
1936 3359 2013 3422 ad
2062 3358 2498 3422 Marathonem
2544 3360 2736 3442 qualo
2775 3357 3113 3440 Euripides
3158 3355 3378 3438 fingit:
3436 3355 3546 3417 sed
3588 3355 3778 3418 finxit
3818 3373 4087 3418 scaenae
4132 3356 4378 3417 Atticae

837 3493 1052 3556 causa,
1097 3495 1263 3558 quae
1303 3479 1542 3560 regiam
1589 3485 1699 3540 aut
1739 3479 2053 3560 templum
2099 3479 2260 3540 solet
2301 3477 2625 3541 exhibere.
2715 3479 2783 3539 in
2829 3475 2984 3539 urbe
3030 3475 3289 3558 quidem
3335 3478 3459 3539 tale
3503 3477 3810 3559 templum
3841 3495 3988 3538 cum
4022 3493 4376 3556 numquam

837 3593 1084 3676 fuisset,
1128 3618 1256 3662 non
1288 3595 1587 3659 finxisset
1614 3596 1974 3680 EuripideS,
2020 3598 2185 3660 sicut
2217 3617 2407 3660 nosse
2440 3616 2568 3659 non
2601 3601 2845 3678 poterat
2874 3616 3042 3659 aram
3077 3595 3567 3676 Misericordiae,
3601 3596 3677 3658 ad
3712 3616 3904 3678 quam
3936 3594 4377 3678 mythographi

837 3711 1211 3779 Heraclidas
1275 3718 1643 3801 confugisse
1700 3717 1928 3780 volunt
1990 3719 2085 3796 (cf.
2134 3717 2480 3798 Cydathen.
2531 3718 2715 3797 200:
2781 3716 2890 3779 sed
2943 3718 3009 3778 in
3072 3714 3342 3779 obscura
3394 3718 3655 3799 regione
3715 3715 4113 3798 obscuraque
4174 3721 4376 3780 aetate

839 3833 997 3896 nihil
1054 3833 1381 3897 coercebat
1429 3836 1713 3916 fingendi
1778 3837 2111 3899 licentiam.
2200 3857 2350 3919 ergo
2410 3817 2566 3898 haec
2624 3836 2837 3899 omnia
2885 3835 3181 3899 videntur
3222 3835 3433 3917 plana,
3495 3855 3707 3918 neque
3752 3855 3902 3898 cum
3945 3836 4046 3898 his
4088 3837 4380 3899 cohaeret

837 3972 1031 4016 causa
1085 3974 1212 4036 qua
1262 3958 1529 4036 permoti
1573 3975 1799 4019 sumus
1848 3963 1915 4018 ut
1958 3976 2017 4023 ν.
2062 3958 2140 4017 36
2187 3965 2334 4019 ante
2381 3957 2463 4018 35
2509 3957 2982 4020 collocaremus.
3070 3956 3182 4017 sed
3228 3959 3530 4038 quoniam
3576 3976 3689 4038 per
3730 3953 4048 4019 Theseum
4092 3954 4378 4019 Heracli-

836 4073 1060 4136 darum
1113 4072 1323 4134 affinis
1370 4070 1700 4155 Demopho
1746 4083 1862 4154 est,
1918 4094 2047 4137 non
2092 4093 2244 4136 vero
2290 4094 2406 4155 por
2448 4072 2880 4156 Pandionem,
2929 4078 3252 4158 tetrapolis
3306 4083 3517 4140 autem
3563 4076 3938 4140 hereditaria
3984 4077 4078 4138 eis
4123 4081 4220 4139 est
4264 4093 4379 4157 per

834 4173 1185 4256 Pandionis
1239 4192 1443 4256 filium
1496 4193 1739 4273 Lycum
1784 4196 2069 4276 (Aegeus
2132 4195 2307 4256 enim
2351 4193 2717 4276 Cecropiam
2765 4197 3137 4277 acceperat),
3193 4197 3519 4270 obscurior
3561 4198 3744 4259 visus
3789 4202 3887 4257 est
3926 4197 4190 4259 traditus
4237 4214 4377 4258 ver-

835 4332 1029 4375 suum
1072 4311 1222 4374 ordo
1271 4331 1460 4394 quam
1508 4315 1617 4393 qui
1663 4313 1806 4375 ferri
1852 4318 2085 4394 posset.

1170 4429 1507 4494 Illustratis
1572 4433 1667 4494 eis
1726 4452 1890 4514 quae
1944 4431 2285 4514 Euripides
2328 4434 2532 4496 voluit
2576 4431 2638 4494 id
2689 4434 2949 4516 quidem
2997 4453 3127 4497 non
3171 4434 3638 4517 indagavimuS,
3700 4439 3909 4497 utrum
3957 4434 4374 4517 ipse-Demo-

836 4552 1137 4633 phontem
1184 4552 1427 4631 primus
1474 4551 1818 4629 induxerit,
1859 4571 1936 4614 an
1980 4571 2126 4614 cum
2172 4551 2403 4615 fabulis
2434 4552 2845 4616 Marathoniis
2885 4554 3199 4636 acceperit
3240 4554 3654 4636 (quamquam
3685 4559 4059 4635 temporum-
4075 4556 4373 4634 rationeS,

838 4670 1075 4755 quibus
1117 4671 1404 4752 aequalis
1450 4673 1687 4734 excidii
1718 4669 1972 4734 Troiani
2006 4672 2190 4733 heros
2222 4672 2606 4749 excluditur,
2653 4672 2778 4734 iam
2809 4679 2946 4734 tum
2978 4672 3326 4753 exaequari
3353 4679 3614 4754 coeptae
3646 4673 3840 4750 sunt),
3879 4671 3999 4734 sed
4031 4674 4155 4736 alia
4185 4692 4376 4756 quae·

834 4792 979 4855 dam
1026 4793 1431 4873 colliguntur.
1518 4812 1633 4856 cur
1674 4792 2015 4875 Euripides
2071 4798 2526 4854 commemorat
2567 4792 3000 4872 Eurystheum
3059 4791 3305 4854 sedisse
3358 4811 3505 4854 cum
3561 4792 3842 4854 exercitu
3905 4793 3970 4854 in
4029 4791 4373 4876 Megaride,

836 4913 989 4975 dum
1022 4912 1460 4993 impudentem
1490 4931 1870 4994 praeconem
1906 4912 1983 4974 ad
2019 4931 2234 4995 regom
2265 4913 2761 4976 Atheniensium
2794 4915 3067 4975 mitteret
3086 4911 3169 4990 ³³),
3211 4930 3366 4974 mox
3396 4911 3744 4992 perniciem
3781 4916 3862 4994 γῇ
3905 4933 3978 4974 τε
4021 4914 4122 4974 καὶ
4164 4922 4371 4996 φυτοῖς

1170 5217 1225 5282 ¹⁸¹)
1266 5216 1602 5270 Philostrato
1650 5222 1791 5269 teste
1840 5216 1962 5280 (vit.
2003 5216 2152 5284 soph.
2188 5216 2249 5269 11
2282 5216 2344 5280 ὃ)
2398 5214 2753 5270 Athenienses
2788 5219 3054 5285 Copreum
3102 5215 3488 5269 interfecerunt
3538 5218 3594 5267 et
3629 5216 3685 5268 in
3723 5215 4021 5284 impietatis
4058 5216 4365 5269 memoriam

836 5301 979 5369 pulla
1018 5305 1168 5354 veste
1221 5303 1452 5371 ephebos
1499 5301 1740 5356 incedere
1785 5302 2057 5355 iusserunt
2100 5303 2155 5355 in
2204 5318 2397 5371 pompa
2445 5300 2736 5360 Eleusinia,
2788 5299 2954 5353 donec
3009 5299 3247 5354 Herodes
3283 5301 3501 5354 Atticus
3550 5299 3806 5354 candidae
3841 5301 3978 5355 vesti
4025 5302 4365 5369 prospiceret.
