4913 6032
2025 388 2580 461 -Χγ-

546 600 859 664 inlaturus
922 600 1147 681 (277):³
1223 618 1438 664 nonne
1497 599 1671 663 iubet
1724 602 1830 680 ita,
1907 599 2076 682 quod
2135 598 2494 663 cavendum
2550 604 2720 661 erat.
2747 600 3048 679 maxime,
3109 600 3606 682 tetrapolitarum
3682 598 3846 661 fines
3931 617 4078 660 cum

548 720 776 782 Atticis
832 718 1149 781 conferri?
1213 716 1401 782 iubet
1461 736 1638 798 sane,
1696 718 1807 781 sed
1866 736 1994 780 non
2055 717 2437 781 inconsulto.
2541 737 2688 781 nam
2739 718 3053 782 recordari
3107 717 3287 782 iubet
3342 718 3794 800 AthenienseS,
3852 719 4080 782 eodem

550 837 686 902 loco
749 856 957 919 nuper
1018 838 1264 901 sedisse
1314 835 1924 920 Peloponnesiorum
1980 856 2217 920 regem,
2277 839 2533 901 misisse
2583 857 2983 923 praeconem,
3035 842 3222 902 cuius
3281 840 3640 923 importuna
3695 859 3824 901 vox
3882 838 3984 900 vel
4045 858 4083 901 a

548 953 917 1037 Thucydide
976 957 1300 1019 mentione
1354 955 1548 1039 digna
1610 954 1819 1019 habita
1869 960 1969 1018 est
2023 954 2111 1037 (II
2166 958 2289 1037 12),
2344 978 2498 1022 mox
2549 958 2720 1022 oleas
2777 960 3070 1042 vitesque
3115 961 3361 1023 Atticae
3420 959 3758 1022 excidisse.
3850 959 4081 1022 deinde

550 1074 1056 1157 Peloponnesios
1110 1080 1367 1158 propter
1415 1074 1899 1139 Heraclidarum
1951 1078 2328 1160 religionem
2383 1078 2674 1162 tetrapoli
2722 1081 3082 1163 pepercisse
3143 1098 3313 1142 anno
3353 1080 3477 1142 430
3516 1078 3732 1142 scribit
3773 1078 4072 1163 Ephorus

551 1194 828 1274 (Diodor.
875 1193 1008 1258 XII
1051 1197 1180 1277 45),
1222 1198 1289 1260 in
1335 1198 1711 1260 universum
1763 1199 2126 1280 pepercisse
2182 1195 2345 1260 Ister
2402 1197 2629 1279 (Schol.
2669 1197 2858 1280 Soph.
2908 1196 2981 1260 Ο.
3025 1196 3090 1260 C.
3144 1197 3311 1277 701),
3385 1216 3741 1280 causasque
3791 1198 4081 1261 vicorum

553 1334 679 1378 non
729 1320 1116 1379 vastatorum
1164 1336 1313 1379 cum
1358 1316 1790 1380 Athenienses
1843 1316 2257 1397 rimabantur,
2308 1322 2445 1380 tum
2490 1315 2854 1380 Herodotus
2906 1318 3016 1399 qui
3060 1321 3195 1381 tum
3242 1317 3514 1380 Athenis
3558 1336 3804 1379 nonum
3846 1315 4080 1378 librum

553 1432 987 1515 componebat.
1075 1435 1176 1496 hic
1217 1435 1416 1517 igitur
1453 1435 1533 1498 de
1571 1433 1847 1499 Decelea
1890 1436 2126 1500 diserte
2171 1435 2453 1529 loquitur
2497 1434 2615 1515 (IX
2653 1436 2790 1514 73):
2838 1435 3329 1498 Atheniensium
3363 1434 3442 1497 de
3472 1431 3831 1496 Heraclidis
3862 1433 4084 1495 merita

555 1550 851 1636 Tegeatis
906 1551 1087 1635 Hylli
1128 1555 1387 1619 caedem
1444 1554 1825 1619 iactantibus
1892 1575 2007 1619 cur
2066 1556 2435 1639 opposuerit
2489 1540 2614 1634 (IX
2658 1555 2787 1635 27),
2845 1573 3020 1616 nunc
3077 1553 3337 1617 demum
3390 1553 3577 1636 plane
3634 1552 4079 1635 perspicimus.

555 1673 721 1756 apud
761 1673 1132 1757 Euripidem
1184 1674 1407 1738 eodem
1463 1682 1750 1757 spectant
1794 1660 2136 1757 Eurysthei
2181 1675 2504 1753 vaticinia,
2560 1671 2916 1737 Heraclidis
2962 1690 3032 1735 se
3077 1671 3562 1735 infestissimum
3607 1670 3740 1733 fore
3782 1666 3932 1732 ὅταν
3976 1660 4087 1755 μὸ-

551 1794 706 1852 λωσ(
759 1784 930 1878 δεῦρο
986 1794 1219 1874 (1035),
1277 1794 1447 1876 quod
1494 1813 1668 1856 nunc
1708 1793 1952 1876 liquido
1994 1799 2241 1858 constat
2282 1795 2361 1858 de
2403 1795 2690 1878 tetrapoli
2735 1794 3175 1877 accipiendum
3223 1812 3384 1856 esse.
3478 1810 3866 1875 quamquam
3913 1790 4085 1853 idem

474 1978 481 1987 ,
553 1929 589 1974 0
614 1929 682 1974 re
715 1912 855 1994 ipsa
881 1913 1309 1996 colligendum
1343 1919 1476 1976 erat
1502 1914 1967 1996 collectumque
2012 1920 2111 1977 est
2157 1913 2373 1996 (Anal.
2416 1912 2568 1976 Eur.
2619 1914 2790 2005 152),
2828 1930 2977 1975 nam
3010 1894 3284 1993 sepulcri
3320 1909 3541 1994 religio
3587 1915 3834 1972 tantum
3855 1900 3935 1971 'si
3967 1908 4087 1971 hoc

552 2030 767 2112 ipsum
798 2033 1077 2113 tangitur
1103 2030 1395 2111 violatur,
1418 2028 1716 2095 Pallenae
1747 2050 1899 2095 vero
1927 2032 2123 2095 situm
2167 2033 2322 2096 nihil
2353 2033 2588 2117 patitur
2616 2038 2917 2115 occupata
2944 2029 3150 2096 Thria.
3212 2029 3446 2093 similia
3474 2035 3663 2111 atque
3685 2029 4088 2110 Eurystheus

556 2146 841 2233 Oedipus
869 2148 1091 2214 Coloni
1134 2152 1493 2233 pollicetur:
1539 2151 1794 2235 quando
1838 2157 1971 2216 rata
2010 2154 2266 2234 fuerint,
2311 2154 2640 2217 oraculum
2686 2152 2870 2217 docet
2940 2151 3196 2214 Βοιωτοὶ
3239 2143 3298 2213 δ’
3355 2149 3554 2210 ἵπποιο
3625 2147 4076 2232 ποτιστείχουσι

556 2261 847 2331 Κολωνόν
901 2267 1130 2349 (801101.
1178 2270 1249 2334 Ο.
1293 2270 1357 2333 C.
1402 2271 1528 2351 57).
1616 2272 1769 2334 item
1814 2277 2319 2336 consentaneum
2373 2278 2491 2353 est,
2550 2272 2720 2336 diras
2764 2271 3108 2352 Eurysthei
3152 2272 3220 2334 in
3268 2288 3500 2334 scaena
3544 2269 3754 2330 Attica
3796 2285 3927 2329 non
3973 2285 4087 2348 po-

554 2388 756 2452 tuisse
819 2388 1142 2471 celebrari,
1201 2391 1256 2452 si
1308 2388 1762 2472 Peloponnesii
1822 2391 2160 2473 tetrapolin
2214 2393 2481 2474 impune
2533 2393 2662 2455 iam
2723 2394 3059 2454 vastarant.
3151 2389 3336 2453 docta
3381 2389 3574 2472 igitur
3616 2384 3939 2469 tragoedia
3992 2388 4091 2447 est

556 2514 702 2572 ante
760 2514 1065 2573 aestatem
1129 2511 1276 2587 427,
1364 2511 1421 2572 si
1477 2506 1882 2591 Thucydides
1941 2516 2233 2574 accurate
2294 2510 2548 2574 tradidit
2598 2529 2673 2573 eo
2722 2514 3005 2594 tempore
3053 2514 3293 2573 vastata
3336 2526 3481 2571 esse
3524 2504 3643 2569 ὅσα
3685 2506 3747 2566 ἐν
3790 2514 3922 2577 ταῖς
3963 2504 4090 2589 πρὶν

556 2627 830 2707 ἐσβολαῖς
880 2628 1315 2714 παρελέλειπτο
1375 2629 1497 2711 (III
1537 2632 1661 2709 26).
1766 2631 2182 2694 infestissima
2233 2632 2302 2693 in
2360 2629 2700 2714 Spartanos
2756 2630 2901 2693 odia
2956 2650 3087 2692 nen
3145 2630 3352 2693 solum
3417 2630 3486 2691 in
3558 2625 3832 2709 singulis
3880 2622 4090 2686 verbis

558 2745 714 2807 haec
768 2748 1090 2829 tragoedia
1145 2749 1361 2830 spirat,
1422 2749 1532 2813 sed
1597 2755 1725 2813 teta
1784 2755 2105 2814 extremae
2166 2750 2360 2833 partis
2413 2750 2825 2813 conformatio
2894 2749 3043 2812 hinc
3101 2749 3360 2812 demum
3428 2746 3810 2830 explicatur,
3877 2760 4089 2826 neque

559 2866 938 2948 sumpsisset
980 2867 1243 2930 omnino
1286 2868 1451 2931 hanc
1492 2868 1771 2933 fabulam
1807 2875 1939 2932 arte
1984 2888 2103 2932 sua
2147 2869 2588 2934 illustrandam
2617 2868 2976 2953 EuripideS,
3019 2870 3145 2931 nisi
3191 2874 3261 2931 ut
3305 2870 3559 2951 insigne
3593 2866 4094 2930 Atheniensium

556 2981 939 3049 beneficium
993 2985 1062 3049 in
1117 3006 1307 3070 quam
1354 2987 1635 3070 ingratos
1678 2985 2050 3053 Heraclidas
2095 2988 2418 3052 conlatum
2464 2996 2636 3053 esset
2683 2988 2916 3073 populo
2962 3007 3079 3053 suo
3125 2992 3518 3072 proponeret.
3611 2987 3726 3051 hac
3769 2987 3848 3051 de
3893 3004 4089 3049 causa

557 3111 825 3186 mortem
877 3106 1242 3188 Eurysthei,
1302 3127 1466 3192 quae
1516 3109 1710 3191 digna
1764 3108 2009 3171 abiecto
2069 3113 2342 3189 tyranno
2394 3107 2599 3170 suerat
2658 3109 2724 3169 in
2771 3114 2982 3171 vetere
3026 3106 3257 3187 fabula,
3316 3108 3639 3189 piaculum
3687 3106 3960 3169 reddidit
4005 3104 4084 3169 ab

559 3222 1065 3287 Atheniensibus
1126 3227 1429 3306 alienum,
1484 3226 1562 3290 ab
1605 3226 1964 3291 Heraclidis
2020 3247 2149 3291 non
2208 3230 2472 3308 impune
2530 3228 2963 3289 commissum.
3055 3227 3203 3288 hinc
3244 3226 3653 3306 Alcmenam,
3706 3228 3893 3290 cuius
3937 3226 4094 3288 ultio

560 3339 835 3402 crudelis
879 3342 1029 3403 olim
1071 3344 1212 3404 visa
1252 3349 1383 3406 erat
1427 3345 1540 3408 sed
1577 3347 1766 3427 iusta,
1806 3366 2003 3410 anum
2048 3347 2305 3410 induxit
2347 3346 2542 3409 atroci
2573 3344 2899 3408 iracundia
2925 3345 3258 3407 furentem.
3352 3363 3514 3427 quae
3546 3346 3761 3408 omnia
3791 3344 4097 3428 quoniam

561 3477 643 3521 ex
690 3459 852 3522 odiis
896 3460 1394 3526 Atheniensium
1441 3470 1586 3527 nata
1629 3473 1804 3546 sunt,
1862 3474 2009 3531 ante
2050 3467 2420 3551 Euripidem
2469 3485 2598 3529 non
2643 3471 2915 3549 possunt
2960 3469 3210 3527 narrata
3253 3483 3418 3544 esse,
3474 3484 3624 3547 ergo
3669 3463 3747 3527 ab
3793 3463 4097 3546 Euripide

561 3578 822 3642 inventa
885 3584 1051 3642 sunt.
1154 3584 1329 3663 atqui
1385 3580 1696 3645 Isocrates
1754 3591 2007 3669 (paneg.
2056 3587 2188 3664 60)·
2222 3585 2655 3668 Eurystheum
2715 3585 2793 3649 ab
2835 3583 3341 3648 Atheniensibus
3386 3591 3673 3646 coactum
3724 3602 3868 3646 esse
3914 3584 4101 3646 iactat

562 3701 632 3760 ut
685 3699 977 3781 captivus
1021 3699 1501 3765 Heraclidarum
1564 3702 1842 3787 supplex
1897 3706 2228 3769 existeret:
2295 3726 2446 3790 ergo
2504 3707 3082 3781 demonstravimus
3142 3705 3311 3788 quod
3374 3725 3565 3788 supra
3621 3701 4098 3788 pollicebamur,

559 3820 882 3903 ingentem
927 3820 1129 3883 fuisse
1174 3821 1342 3908 apud
1387 3827 1675 3904 posteros
1704 3822 2028 3907 Euripidis
2073 3826 2542 3896 auctoritatem;
2589 3827 2810 3908 utique
2867 3825 2946 3888 ad
3006 3825 3381 3908 popularem
3454 3842 3618 3907 quae
3662 3841 3746 3886 ex
3791 3821 4095 3904 Euripide

560 3938 834 4000 colorem
875 3939 1164 4016 duxerat,
1211 3958 1339 4003 non
1386 3958 1536 4004 vero
1580 3942 1659 4005 ad
1704 3944 1911 4025 ipsam
1957 3944 2345 4027 tragoediam
2389 3944 2699 4008 Isocrates
2740 3961 2810 4006 se
2855 3942 3172 4026 applicuit.

904 4055 1147 4131 Quodsi
1212 4063 1458 4123 tantum
1500 4060 1829 4145 Euripidis
1904 4063 2058 4126 haec
2117 4064 2439 4147 tragoedia
2479 4063 2701 4143 valuit,
2777 4062 3059 4127 oboritur
3115 4061 3338 4125 ultima
3381 4063 3690 4145 quaestiO,
3751 4062 3921 4125 unde
3965 4069 4102 4124 tan-

565 4173 707 4238 dem
752 4175 1092 4260 Euripides
1137 4179 1275 4261 ipse
1316 4179 1615 4244 hauserit.
1708 4182 1949 4245 dixeris
1995 4203 2075 4246 ex
2127 4202 2234 4246 ore
2276 4183 2832 4245 Marathoniorum.
2923 4189 2987 4244 at
3026 4178 3482 4263 Peloponnesii
3525 4185 3589 4245 et
3632 4179 3993 4244 Herodotus
4039 4187 4104 4245 et

564 4291 954 4374 Thucydidis
1012 4298 1307 4379 auctor*)
1368 4303 1431 4360 et
1486 4297 1846 4364 Hecataeus
1902 4320 2033 4363 non
2090 4308 2365 4385 possunt
2424 4302 2504 4366 ad
2563 4303 2824 4367 eosdem
2885 4320 3111 4366 omnes
3166 4301 3409 4365 deferri.
3500 4306 3563 4364 et
3612 4302 3796 4364 multi
3838 4300 4104 4364 fortasse

566 4419 775 4481 mirati
837 4424 988 4480 sunt
1044 4417 1209 4500 quod
1253 4418 1479 4484 adhuc-
1505 4420 1918 4503 negleximus
1968 4420 2341 4486 Heraclidas
2386 4422 2693 4504 Aeschyli
2737 4420 3147 4504 tragoediam,
3210 4421 3398 4484 cuius
3442 4421 3869 4503 fragmentum
3911 4419 4104 4502 longe

569 4673 732 4738 atque
781 4670 883 4725 11οο
919 4671 1132 4740 quidem
1172 4670 1351 4725 titulis
1388 4672 1738 4728 confirmatur
1774 4672 1929 4741 (CIA
1964 4672 2055 4728 111
2090 4674 2141 4728 5.
2185 4675 2365 4741 1132),
2413 4674 2548 4728 illud
2583 4692 2766 4730 recens
2802 4671 3015 4727 videtur
3049 4679 3430 4736 commentum,
3480 4670 3621 4739 quod
3656 4671 3859 4726 invidia
3897 4674 4108 4742 peperit

570 4772 677 4808 non
722 4754 882 4809 nimis
918 4758 1075 4820 scita;
1123 4759 1252 4829 quid
1298 4757 1440 4813 0111111
1477 4761 1685 4815 Cereris
1721 4775 1873 4816 sacra
1910 4762 1979 4814 ad
2014 4760 2370 4815 Heraclidas?
2440 4776 2918 4815 commemoramus
2954 4760 3104 4822 haec,
3152 4774 3273 4814 cum
3310 4759 3572 4829 suspicari
3609 4758 3876 4827 quispiam
3913 4760 4103 4828 possit.

572 4841 885 4910 Euripidem
921 4858 985 4899 00
1036 4847 1314 4914 respicere.
1380 4847 1475 4916 qui
1517 4847 1582 4902 de
1633 4863 1893 4917 praecone
1928 4848 2061 4902 haec
2097 4848 2276 4911 habet,
2300 4847 2442 4903 πόσα
2471 4869 2553 4901 νιν
2590 4847 2757 4910 λέξειν
2789 4845 3068 4915 flaccidos
3103 4842 3269 4899 δοκεῖς
3308 4843 3379 4898 «dc
3414 4842 3535 4899 δείν’
3576 4845 3790 4899 ἔπαθεν
3829 4854 3916 4898 καὶ
3954 4842 4104 4914 πειραὶ

568 4926 760 4998 μικρὸν
796 4928 976 5000 ψυχήν
1012 4923 1184 4999 ἦλθεν
1217 4930 1537 4989 damaratum.
1611 4949 1748 5003 quae
1783 4934 2192 5005 explicationem
2227 4933 2380 4988 1101110
2416 4934 2668 4988 videntur
2702 4934 2864 4988 aliam
2900 4931 3205 4995 admittere,
3241 4933 3377 4986 alias
3411 4931 3826 5003 proponendam.

906 5036 963 5101 *)
1014 5036 1175 5106 Apud
1221 5037 1367 5092 hunc
1418 5038 1473 5102 (Ι
1508 5039 1570 5107 9)
1618 5039 1958 5106 Eurystheus
2001 5038 2059 5093 in
2093 5039 2284 5093 Attica
2330 5038 2398 5092 ab
2436 5037 2736 5093 Heraclidis
2783 5037 3123 5091 interficitur.
3196 5035 3338 5105 quod
3375 5036 3541 5090 videri
3577 5037 3750 5105 possit
3791 5035 4105 5106 Euripidem

482 5195 489 5201 ι
572 5134 753 5186 presse
788 5121 955 5189 sequi.
1027 5121 1121 5176 sed
1156 5140 1263 5177 non
1301 5122 1477 5177 minus
1513 5124 1785 5178 consentit
1821 5141 1943 5179 cum
1979 5124 2216 5193 genuina
2252 5124 2448 5187 fabula,
2490 5141 2627 5194 quae
2663 5123 2729 5177 ab
2772 5123 2912 5176 lolao
2949 5138 3073 5176 eum
3097 5123 3352 5176 narrabat
3377 5123 3630 5193 Gargetti
3656 5139 3888 5177 caesum.
3962 5127 4110 5177 cete·

574 5221 691 5259 rum
729 5223 850 5261 cum
888 5211 1198 5280 exaequatis
1225 5211 1547 5279 Argivorum
1584 5211 1741 5266 fastis
1776 5212 1911 5266 haec
1936 5211 2281 5280 Thucydides
2304 5210 2610 5272 cohaerent,
2645 5209 2908 5280 siquidem
2933 5211 3131 5262 Atreus
3159 5208 3461 5278 Eurystheo
3489 5211 3546 5264 in
3571 5226 3736 5279 regno
3763 5210 4109 5277 Mycenarum

578 5291 805 5346 vicarius
842 5295 1005 5348 fuisse
1039 5295 1254 5351 dieitur.
1327 5309 1456 5364 ergo
1491 5297 1808 5367 Demophon
1846 5298 1914 5353 ab
1949 5301 2169 5352 auctore
2206 5296 2539 5366 Thucydidis
2574 5296 2828 5351 inductus
2863 5313 2970 5350 non
3005 5301 3102 5350 est.
