4913 6032
2001 486 2089 499 —-
2202 445 2387 518 XIII
2493 484 2591 493 —

531 679 678 723 mus
717 657 1071 721 fabularum
1104 657 1495 722 Marathonia
1538 660 1976 722 recentissima
2020 659 2122 739 sit,
2163 660 2377 720 tamen
2421 662 2487 718 et
2527 660 2779 718 vetusta
2825 662 2923 719 est
2965 661 3028 720 et
3069 659 3318 741 pridem
3362 662 3710 724 maximam
3754 660 3877 723 sibi
3922 681 4072 723 con-

533 781 773 843 ciliavit
836 782 1288 843 auctoritatem.
1325 860 1330 869 ,
1381 777 1743 841 videbimus
1802 776 2128 858 Euripidis
2183 780 2387 839 aetate
2436 778 2612 858 ipsos
2659 773 3194 839 Lacedaemonios
3238 777 3651 842 Marathoniis
3696 782 4071 842 commentis

535 897 727 960 fidem
788 877 1214 979 praestitisse;
1271 900 1457 958 sexto
1513 894 1768 957 saeculo
1825 894 2046 957 eadem
2090 892 2452 957 Hecataeus
2505 894 2729 957 litteris
2785 895 3126 958 mandavit.
3220 916 3304 960 ex
3348 901 3533 961 cuius
3579 901 3970 983 genealogiis
4013 900 4072 961 is

537 1018 645 1099 qui
691 1015 770 1078 ‹le
813 1015 1200 1078 sublimitate
1236 1016 1488 1098 scripsit
1517 1013 1827 1077 nonnulla
1854 1012 2050 1076 verba
2080 1015 2361 1076 servavit
2391 1014 2517 1091 (27)
2548 1013 2785 1095 quibus
2814 1014 2994 1094 Ceyx
3026 1012 3357 1078 Trachinis
3390 1035 3546 1080 suae
3577 1017 4070 1081 imbecillitatem

535 1153 858 1197 excusans
892 1119 1249 1196 Heraclidis
1297 1131 1520 1194 suadet
1549 1136 1621 1194 ut
1649 1132 1817 1213 apud
1848 1132 2007 1195 alios
2038 1132 2355 1195 auxilium
2386 1140 2711 1214 quaerant.
2776 1133 2945 1215 quod
2977 1152 3106 1197 non
3143 1135 3349 1197 solum
3383 1135 3548 1218 apud
3580 1135 4072 1219 mythographos

538 1254 647 1317 sed
691 1255 881 1316 etiam
925 1252 1095 1335 apud
1140 1251 1507 1333 Euripidem
1553 1251 1727 1330 (193)
1787 1271 1934 1314 cum
1978 1251 2372 1315 Marathonia
2415 1251 2628 1314 fabula
2671 1252 2982 1333 cohaeret,
3037 1271 3251 1336 neque
3295 1273 3378 1317 ex
3424 1254 3548 1317 alia
3587 1254 3916 1318 commode
3960 1273 4075 1317 ex·

537 1373 754 1456 plicari
814 1378 1050 1455 potest:
1104 1369 1407 1434 Thebana
1459 1376 1646 1441 certe,
1698 1388 1862 1453 quae
1908 1370 2135 1433 exules
2180 1371 2443 1433 omnino
2486 1389 2616 1431 non
2661 1373 2841 1432 norat
2881 1368 3274 1451 Heraclidae,
3316 1370 3711 1434 alienissima
3755 1375 3867 1434 est.
3961 1371 4073 1435 sed

539 1490 693 1575 quid
751 1496 945 1554 testes
998 1490 1404 1571 advocamuS,
1461 1509 1609 1552 cum
1667 1491 1787 1573 ipsi
1847 1489 2099 1553 fabulae
2153 1492 2340 1573 signa
2381 1490 2777 1572 antiquitatis
2823 1491 3022 1552 insint
3067 1490 3592 1555 luculentissima.
3683 1490 4074 1554 Marathonia

539 1612 713 1672 enim
769 1616 894 1672 est:
955 1610 1032 1672 ad
1088 1610 1540 1691 Athenienses,
1594 1613 1667 1672 ut
1719 1628 1945 1672 verum
1998 1609 2327 1702 fateamur,
2386 1626 2600 1690 neque
2658 1606 2879 1670 laudes
2936 1608 3093 1671 haec-
3144 1609 3464 1691 pertinent
3525 1628 3734 1692 neque
3795 1610 4071 1673 fraudes.

540 1727 915 1792 Heraclidae
967 1727 1336 1791 Marathone
1396 1727 1715 1791 auxilium
1774 1728 2135 1808 impetrant,
2196 1746 2323 1789 non
2376 1726 2685 1792 Athenis:
2752 1726 3152 1808 Eurystheus
3207 1729 3284 1791 ad
3343 1728 3669 1791 Minervae
3725 1727 4074 1792 Pallenidis

539 1849 845 1910 vincitur:
894 1849 1143 1910 transiit
1172 1866 1343 1931 erge,
1385 1852 1457 1909 ut
1495 1847 1573 1910 de
1602 1846 1935 1909 Eleusinio
1979 1865 2177 1929 regno
2222 1852 2567 1925 taceamus,
2603 1844 2975 1927 Cecropiam
3020 1847 3369 1929 regionem,
3414 1866 3627 1929 neque
3674 1846 3968 1928 quisqam
4014 1848 4077 1908 ei

537 1968 793 2029 obstitit.
884 1971 1292 2048 praepostera
1334 1966 1492 2028 haec
1536 1969 1600 2028 et
1642 1964 1917 2028 absurda
1966 1967 2029 2027 in
2077 1963 2316 2029 finibus
2364 1983 2527 2046 quos
2575 1964 2721 2027 Solo
2762 1965 3010 2028 Atticae
3056 1967 3579 2048 circumscripsit:
3628 1968 4078 2029 convenientia

532 2087 726 2166 atque
805 2084 1183 2162 necessaria,
1256 2101 1404 2145 cum
1476 2082 1977 2163 tetrapolitarum
2052 2101 2155 2146 res
2227 2081 2484 2166 publica
2538 2088 2667 2147 tam
2725 2082 2922 2147 libera
2972 2085 3092 2147 suit
3149 2084 3228 2148 ab
3281 2085 3808 2180 AtheniensibuS,
3882 2105 4075 2169 quam

539 2201 838 2266 Herculis
911 2202 1136 2286 religio
1201 2202 1523 2285 feriaeque
1578 2202 1682 2263 vel
1739 2204 1962 2284 quinto
2032 2202 2286 2264 saeculo
2342 2206 2514 2264 sunt.
2618 2221 2768 2285 ergo
2824 2207 3168 2285 antequam
3226 2205 3434 2266 Attica
3493 2224 3575 2266 ex
3643 2204 4076 2287 compluribus

539 2324 756 2406 regnis
826 2322 1081 2403 coaluit,
1140 2322 1295 2386 haec
1350 2322 1586 2385 narrari
1638 2326 1864 2403 coepta
1914 2327 2086 2403 sunt,
2144 2322 2417 2405 ideoque
2475 2322 2641 2385 inter
2690 2323 3186 2404 pretiosissimas
3227 2323 3579 2386 Atticarum
3627 2324 4077 2409 antiquitatum

539 2442 842 2524 reliquias
888 2441 1301 2504 numeranda.
1392 2443 1611 2537 quanti
1677 2442 1985 2505 momenti
2043 2444 2231 2519 esset,
2289 2443 2346 2503 si
2392 2448 2561 2504 certo
2606 2445 2944 2521 constaret,
2998 2443 3144 2523 quis
3189 2460 3272 2504 ex
3319 2442 3565 2525 integra
3613 2441 3731 2504 hac
3777 2445 4080 2506 memoria

541 2560 926 2624 Marathonis
971 2558 1629 2643 regnum'hab‘uisset.
1719 2560 1971 2623 nullum
2014 2579 2231 2643 regem
2277 2561 2614 2623 nominant
2655 2556 3026 2643 Apollodori
3069 2564 3362 2645 etverus
3405 2566 3468 2624 et
3509 2564 3874 2640 ementitus,
3918 2559 4082 2624 The·

542 2697 748 2759 seum,
794 2698 983 2762 quem
1031 2687 1424 2763 exaequatae
1465 2683 1823 2761 temporum
1866 2680 2144 2742 rationes
2190 2680 2536 2762 postulant,
2579 2678 3100 2761 antiquatabula
3141 2681 3403 2761 respuit,
3445 2678 3765 2743 Diodorus
3811 2685 3874 2742 et
3917 2678 4083 2744 Pau-

543 2799 779 2875 saniaS,
823 2795 1335 2880 Demophontem
1364 2803 1613 2882 praeter
1641 2797 2009 2881 Euripidem
2042 2798 2413 2860 Antoninus
2444 2794 2750 2859 Liberalis
2788 2796 2890 2875 33,
2932 2797 2973 2857 i.
2998 2814 3051 2858 e.
3089 2797 3142 2857 si
3176 2797 3417 2860 scholio
3449 2797 3629 2877 fideS,
3661 2796 4078 2879 Pherecydes,

544 2915 656 2978 sed
716 2917 827 2999 qui
874 2917 1131 2979 scholiis
1176 2917 1303 2979 illis
1342 2923 1512 2979 recte
1556 2918 1649 2979 uti
1696 2917 2002 2995 didicerit,
2060 2913 2410 2996 Pherecydi
2455 2934 2775 2978 summam
2819 2920 3064 2978 tantum
3111 2917 3355 2999 capitiS,
3395 2935 3561 2999 quae
3607 2916 3684 2979 de
3732 2918 4083 2981 Alcmenae

540 3033 1215 3120 Rhadamanthyisque
1261 3040 1502 3120 nuptiis
1547 3043 1663 3117 est,
1704 3035 2045 3100 attribuere
2090 3035 2383 3113 audebit3
2430 3034 2914 3099 Heraclidarum
2957 3055 3061 3098 res
3105 3055 3187 3099 ex
3221 3037 3439 3098 nescio
3471 3056 3599 3120 quo
3628 3037 4083 3121 mythographo

543 3155 853 3237 descripta
910 3162 1083 3238 sunt,
1148 3176 1338 3240 quem
1397 3176 1586 3220 nemo
1642 3155 2100 3220 demonstrabit
2150 3175 2283 3218 non
2337 3175 2423 3218 ex
2479 3155 2786 3238 Euripide
2846 3161 3173 3238 tamquam
3217 3156 3440 3219 ultimo
3486 3160 3740 3218 auctore
3784 3157 4079 3240 pendere.

545 3290 696 3353 ergo
742 3274 819 3334 ad
866 3273 1234 3358 Euripidem
1274 3278 1464 3340 rediit
1506 3277 1822 3360 quaestio;
1874 3274 2043 3358 apud
2085 3292 2277 3356 quem
2323 3274 2507 3357 plura
2550 3276 2741 3336 etiam
2788 3274 3169 3356 explicanda
3213 3278 3381 3337 sunt.
3474 3271 3624 3337 nam‘
3668 3274 3748 3338 de
3787 3275 3923 3338 loco
3957 3296 4084 3358 quo

546 3388 761 3452 fabula
804 3397 1026 3471 agatur
1068 3411 1293 3473 nuper,
1348 3413 1679 3476 perperam
1733 3393 1989 3477 quidem
2049 3401 2112 3456 et
2165 3395 2254 3455 ita
2295 3397 2365 3456 ut
2406 3394 2681 3475 insignis
2728 3385 2955 3455 levitas
3006 3393 3493 3476 perstringenda
3540 3396 3642 3472 sit,
3685 3399 3893 3457 motae
3938 3399 4089 3457 sunt

547 3507 1006 3573 dubitationes:
1082 3506 1404 3575 malumus
1474 3531 1626 3575 vero
1692 3532 1985 3577 enarrare
2049 3512 2372 3596 Euripidis
2439 3511 2702 3575 artificia
2768 3531 2960 3595 quam
3039 3513 3328 3574 novicios
3400 3529 3644 3574 errores
3723 3531 4082 3594 coarguere.

547 3629 889 3713 Euripides
926 3650 1072 3693 cum
1118 3649 1328 3714 neque
1373 3650 1656 3714 pugnam
1702 3650 1915 3715 neque
1950 3633 2317 3714 sepulcrum
2352 3631 2690 3712 Eurysthei
2737 3631 2876 3695 loco
2919 3630 3142 3694 tradito
3189 3638 3490 3709 moveret,
3535 3628 3900 3726 Marathone
3937 3651 4088 3694 con-

549 3750 796 3813 sediss‘e
849 3748 1223 3813 Heraclidas
1282 3752 1432 3813 item
1485 3751 1733 3814 tradere
1792 3749 2076 3814 debebat.
2181 3772 2265 3816 ex
2320 3750 2496 3815 Iolao
2547 3752 2778 3814 chorus
2834 3752 3080 3833 quaerit
3126 3752 3272 3830 (80),
3330 3754 3538 3813 utrum
3583 3769 3700 3831 per
3741 3755 3966 3814 terram
4015 3754 4084 3815 in

548 3870 876 3953 tetrapolin
941 3868 1394 3933 Marathoniam
1459 3872 1734 3950 venerit,
1796 3890 1875 3933 an
1942 3889 2027 3934 ex
2080 3872 2177 3934 eis
2232 3873 2312 3935 sit
2370 3873 2486 3953 qui
2546 3875 2721 3933 trans
2775 3869 3006 3933 fretum
3069 3869 3396 3933 Euboeam
3448 3870 3745 3933 incolent.
3855 3869 4087 3935 Demo-

548 3985 802 4069 phontis
845 3991 1020 4072 regia
1059 3990 1120 4053 ei
1166 3990 1304 4054 loco
1350 4010 1477 4073 quo
1517 3988 1895 4054 Heraclidae
1940 3991 2364 4074 confugerunt
2401 3991 2616 4053 vicina
2659 3994 2777 4068 est,
2818 4008 2969 4052 nam
3013 3993 3074 4052 et
3117 3987 3502 4051 clamoribus
3548 3992 3786 4053 accitur
3814 3995 3896 4068 et,
3940 4010 4084 4053 cum

550 4106 628 4168 ad
681 4110 1041 4171 contionem
1108 4110 1465 4173 habendam
1524 4128 1790 4193 peregre
1850 4109 2001 4192 abit,
2037 4109 2301 4174 'Iolaum
2348 4111 2415 4171 in
2459 4108 2722 4172 domum
2769 4127 2952 4171 suam
3001 4110 3226 4171 invitat
3264 4110 3460 4186 (340).
3552 4111 3763 4173 contio
3803 4107 4088 4190 habetur,

550 4228 645 4289 uti
697 4246 809 4309 par
863 4233 980 4308 est,
1032 4229 1099 4291 iu
1159 4228 1336 4309 urbe,
1396 4233 1582 4293 cuius
1638 4228 1920 4293 habitum
1977 4230 2183 4293 redux
2243 4227 2622 4310 Demophon
2688 4225 2986 4289 describit
3044 4229 3236 4308 (401).
3339 4248 3466 4310 quo
3527 4229 3591 4291 in
3662 4203 3886 4291 itinere
3947 4231 4089 4312 ipsc

550 4348 826 4428 Argivas
888 4348 1104 4428 copias
1149 4349 1485 4431 conspexit
1530 4348 1973 4428 accelerantes,
2034 4348 2331 4430 quamvis
2376 4317 2663 4410 nondum
2707 4337 2860 4408 τάδε
2903 4339 3082 4408 πεδία
3122 4350 3236 4430 γῆς
3295 4348 3333 4409 i.
3374 4365 3428 4410 e.
3475 4348 3805 4430 tetrapolin
3864 4350 4089 4411 intras-

551 4469 697 4528 sent
740 4466 937 4547 (393).
1046 4471 1198 4528 sunt
1243 4487 1393 4550 ergo
1451 4467 1674 4530 eodem
1735 4468 1867 4530 fere
1928 4467 2066 4530 loco
2126 4486 2254 4549 quo
2309 4470 2532 4549 postea
2575 4470 2913 4549 pugnatur,
2973 4465 3052 4528 ad
3097 4463 3402 4530 Pallenen
3448 4467 3647 4544 (841);
3711 4484 4088 4549 praeconem

551 4602 704 4647 vero
747 4603 829 4647 ex
870 4583 1117 4648 finibus
1161 4584 1635 4667 Megarensium
1684 4587 1993 4648 miserant
2035 4585 2230 4666 (278).
2308 4584 2462 4648 dum
2507 4589 2851 4668 pugnatur,
2894 4585 3123 4648 chorus
3170 4585 3382 4649 Solem
3428 4591 3491 4649 et
3528 4585 3776 4648 Lunam
3823 4586 4089 4648 virtutes

552 4721 705 4764 suas
760 4704 1123 4785 praedicare
1184 4702 1363 4768 iubet
1415 4704 1495 4767 ad
1549 4704 1780 4768 solium
1824 4704 2159 4767 Erechthei
2204 4706 2267 4767 in
2315 4704 2464 4767 fano
2507 4701 2787 4767 Poliadis
2839 4704 2992 4785 (754
3035 4703 3112 4766 cf.
3159 4702 3380 4766 Herm.
3425 4701 3588 4765 XIV
3639 4704 3813 4781 l8l):
3880 4705 4090 4764 cantat

554 4840 703 4904 ergo
747 4821 937 4904 longe
983 4822 1061 4885 ab
1107 4822 1283 4887 urbe.
1376 4825 1589 4906 ipsum
1638 4842 1787 4886 vero
1819 4823 2217 4887 Athenarum
2262 4842 2500 4886 nomen
2549 4821 2936 4906 ubicumque
2981 4826 3242 4906 ponitur
3283 4842 3410 4885 non
3456 4822 3712 4886 moenia
3754 4821 4090 4904 significat,

554 4940 669 5003 sed
710 4959 842 5003 rem
887 4939 1211 5023 publicam
1252 4944 1421 5023 (359.
1457 4942 1600 5006 387.
1634 4943 1776 5005 849.
1811 4943 1982 5024 934),
2024 4943 2113 5005 ita
2151 4948 2220 5006 ut
2262 4943 2343 5006 de
2364 4943 2639 5006 Athenis
2682 4947 3006 5024 tamquam
3050 4940 3493 5026 praesentibus
3537 4940 3752 5005 Iolaus
3798 4942 4093 5023 loquatur

552 5060 746 5142 (198).
838 5065 1096 5144 apparet
1132 5058 1506 5142 Euripidem
1552 5061 1711 5124 nihil
1757 5079 2053 5143 novasse,
2097 5062 2219 5124 nisi
2269 5060 2437 5144 quod
2483 5062 2668 5123 vitari
2713 5061 2976 5122 omnino
3017 5078 3148 5122 non
3192 5063 3430 5140 posset,
3474 5059 3632 5140 quin
3659 5056 4090 5120 Athenienses

551 5182 616 5242 et
668 5179 950 5262 periculo
1009 5183 1073 5243 et
1125 5179 1312 5243 laude
1375 5178 1910 5243 Marathoniorum
1968 5180 2421 5250 eximerentur,
2475 5177 2986 5261 Demophontem
3032 5179 3227 5261 igitur
3270 5176 3768 5240 Atheniensium
3812 5175 4092 5239 eundem

554 5301 618 5358 et
657 5297 1154 5382 tetrapolitarum
1190 5317 1406 5382 regem
1448 5317 1616 5378 esse,
1660 5298 1846 5382 quasi
1890 5316 2203 5380 personae
2242 5301 2489 5359 tantum
2533 5297 2744 5378 regiae
2790 5279 3245 5358 communione
3292 5294 3528 5357 iunctis
3575 5292 3825 5355 duabus
3871 5293 4091 5354 civita·
