4913 6032
2338 341 2421 350 -
2541 301 2642 373 ῃ
2762 343 2832 351 ,-

813 514 1334 597 amplificandum
1422 514 1512 575 uti
1561 515 1804 595 posset.
1920 511 2135 593 itaque
2209 509 2404 573 verba
2482 512 2745 594 quidem
2826 514 2967 595 ipse
3039 513 3431 594 composuit,
3518 513 3942 586 narrationem
4018 508 4097 573 ab
4159 511 4353 573 altero

814 654 931 698 suo
999 635 1171 698 fonte
1246 631 1524 697 Zenobio
1604 634 1933 694 mutuatus
2005 636 2119 693 est.
2223 605 2419 714 atque
2472 633 2612 715 ipse
2669 632 2928 715 quidem
2985 631 3145 695 nihil
3215 650 3330 694 nos
3394 636 3604 713 potest
3656 632 3881 694 docere
3937 632 4111 709 novi,
4179 630 4355 692 utilis

814 774 967 817 voro
1023 758 1121 816 est
1176 752 1261 815 ad
1316 752 1603 815 fraudem
1668 753 1859 814 etiam
1902 752 2276 834 nequiorem
2321 751 2808 834 coarguendam.
2896 752 2974 814 ad
3018 751 3183 834 Equ.
3234 772 3292 813 ν.
3346 753 3505 814 1157
3551 751 3831 834 amplum
3877 751 4164 815 scholion
4207 750 4355 813 inde

815 873 893 938 ab
940 873 1173 936 Aldina
1226 873 1455 952 editur,
1513 871 1682 954 quod
1730 890 1859 933 non
1909 890 1993 933 ex
2038 872 2177 952 ipso
2225 870 2486 952 quidem
2523 868 2820 941 Parisino
2863 868 3143 933 Zenobio
3188 870 3299 933 sed
3339 890 3375 933 e
3417 871 3577 935 libro
3620 876 3831 934 tamen
3880 871 4205 934 simillimo
4249 869 4355 933 de·-

816 995 1115 1077 scriptum
1162 998 1276 1055 est.
1355 1012 1393 1054 a
1435 989 1653 1073 probis
1685 989 2136 1071 Aristophanis
2182 988 2508 1052 codicibus
2552 990 2669 1053 hoc
2716 991 2999 1054 scholion
3047 989 3330 1053 alienum
3373 995 3489 1069 est,
3529 1010 3649 1054 nec
3690 996 3901 1073 potest
3940 991 4067 1075 legi
4114 991 4240 1053 nisi
4285 991 4351 1052 in

811 1114 1272 1177 recentissimis
1328 1117 1391 1173 et
1449 1118 1595 1193 post
1636 1112 2076 1174 resuscitatam
2124 1127 2159 1172 e
2201 1108 2482 1172 tenebris
2526 1109 2850 1194 Euripidis
2895 1109 3281 1193 tragoediam
3330 1086 3595 1194 scriptis
3685 1132 3834 1175 nam
3879 1129 4026 1175 eum
4070 1111 4139 1172 in
4183 1107 4357 1174 Pari-

812 1233 955 1294 sina
997 1230 1483 1314 interpolatione
1515 1229 1936 1312 Apollodorea
1982 1248 2018 1290 a
2064 1227 2445 1292 Zenobianis
2493 1230 2740 1292 secerni
2789 1232 3058 1313 possint,
3101 1229 3203 1292 hic
3251 1249 3377 1292 uon
3424 1230 3629 1294 solum
3676 1232 3941 1296 licenter
3969 1231 4184 1294 omnia
4211 1248 4354 1313 per-

811 1353 1015 1413 mixta
1060 1354 1233 1430 sunt,
1292 1350 1406 1412 sed
1448 1347 1699 1413 fabulae
1745 1349 1883 1412 sive
1927 1367 2041 1431 per
2083 1347 2405 1411 licentiam
2452 1350 2592 1411 sive
2638 1369 2722 1413 ox
2767 1348 3127 1413 Pausaniae
3170 1354 3527 1415 narratione
3573 1332 3659 1414 ita
3703 1354 4092 1431 immutatae,
4149 1356 4220 1413 ut
4271 1348 4350 1412 ab

806 1470 1115 1555 Euripide
1171 1470 1361 1552 plan'e
1415 1469 1767 1550 abhorreat,
1824 1471 2004 1532 testis
2053 1470 2368 1531 excitatur
2411 1469 2554 1550 ipse
2599 1467 2957 1552 Euripides.
3052 1489 3228 1553 quae·
3263 1473 3586 1535 neminem
3633 1469 3939 1551 latebunt,
3981 1471 4169 1533 modo
4213 1488 4354 1553 gra·
4421 1462 4438 1533 ’.

816 1593 1087 1654 vissima
1130 1608 1295 1673 quae
1340 1591 1744 1674 excerpimus
1789 1589 2141 1671 perlegerit.
2203 1591 2261 1648 οἳ
2300 1579 2371 1648 δὲ
2412 1582 2524 1656 τὴν
2567 1587 2880 1675 Μακαρίαν
2924 1588 3238 1675 θυγατέρα
3282 1593 3428 1676 φασὶ
3454 1594 3566 1653 τοῦ
3589 1585 3978 1676 Ἡρακλέους,
4019 1586 4060 1658 ἦ
4087 1610 4160 1672 γε
4190 1580 4354 1649 κατὰ

817 1707 930 1777 τὴν
974 1711 1070 1774 ἐπὶ
1109 1705 1221 1784 τὰς
1257 1700 1516 1782 Ἀθήνας
1560 1707 1924 1795 Εὐρυσθέως
1967 1708 2298 1794 στρατείαν,
2343 1713 2469 1769 τῶν
2505 1705 2839 1778 Ἀθηναίων
2881 1703 2963 1793 μὴ
3010 1700 3373 1771 ἐκδιδόντων
3414 1709 3584 1792 αὐτῷ
3614 1705 3756 1784 τοὺς
3778 1702 4183 1797 Ἡρακλείδας
4209 1702 4353 1794 πρὸς

810 1826 919 1893 τὸν
959 1834 1071 1891 τοῦ
1109 1826 1337 1890 Ἐλέου
1383 1822 1589 1912 βωμὸν
1631 1818 2116 1913 καταφυγόντας,
2158 1831 2430 1912 χρησμοῦ
2474 1820 2767 1902 δοθέντος
2807 1822 2951 1902 τοὺς
2985 1825 3334 1904 Ἀθηναίους
3376 1823 3646 1908 νικήσειν,
3690 1834 3831 1904 εἴτις
3869 1835 3995 1891 τῶν
4026 1824 4350 1915 Ἡρακλει-

812 1942 937 2013 δῶν
981 1942 1123 2035 πρὸς
1168 1938 1440 2010 θάνατον
1483 1940 1750 2011 ἑκούσιον
1793 1940 1953 2028 ἐκδῷ
2000 1938 2231 2019 ἑαυτὸν,
2294 1938 2673 2032 κατέσφαξεν
2716 1938 2950 2025 ἑαυτήν,
3013 1942 3095 2022 ὡς
3139 1950 3200 2010 έν
3237 1942 3663 2036 Ἡρακλείδαις
3709 1947 4047 2036 Εὐριπίδου.
4136 1951 4350 2031 itaque

810 2075 1057 2133 tantum
1103 2067 1283 2131 abest
1326 2071 1394 2128 ut
1439 2067 1556 2130 hoc
1599 2067 1884 2131 scholion
1932 2069 2098 2128 inter
2137 2068 2503 2130 testimonia
2549 2069 2905 2151 tragoediae
2951 2068 3332 2151 Euripideao
3376 2070 3777 2134 referendum
3827 2071 3929 2148 sit,
3975 2075 4046 2132 ut
4089 2070 4380 2152 nequis-.

811 2192 974 2254 sima
1020 2207 1298 2271 nequam
1346 2188 1846 2274 interpolationis
1890 2187 2288 2269 interpolatio
2331 2207 2593 2269 prorsus
2636 2188 2715 2250 de
2761 2189 2970 2251 medio
3013 2187 3290 2251 tollenda
3337 2191 3434 2252 sit.

1148 2307 1231 2371 Ut
1274 2307 1435 2370 ultra
1484 2306 1799 2370 Lucillum
1844 2307 2323 2389 progrediamur
2367 2307 2676 2390 contingit
2721 2307 2906 2370 nobis
2952 2327 3067 2389 per
3108 2309 3351 2392 aliquot
3394 2309 3682 2372 eiusdem
3715 2302 4037 2391 proverbii
4068 2307 4348 2390 explica-

808 2430 1037 2508 tioneS,
1101 2447 1265 2510 quae
1310 2427 1457 2490 licet
1497 2429 1563 2490 in
1610 2446 1686 2489 ea
1732 2446 1894 2509 quae
1941 2427 2073 2489 sola
2118 2444 2235 2489 nos
2281 2429 2484 2509 tangit
2528 2430 2842 2491 sententia
2892 2428 3216 2490 referenda
3277 2429 3472 2492 multo
3518 2429 3790 2492 exiliora
3847 2430 3977 2491 sint
3995 2427 4075 2508 ²⁸),
4131 2434 4344 2490 tamen

807 2568 955 2612 cum
1013 2552 1221 2610 cetera
1278 2568 1317 2609 a
1366 2546 1610 2610 Lucillo
1668 2548 1893 2628 partim
1959 2548 2165 2610 aliena
2211 2548 2361 2630 sint,
2420 2548 2656 2611 fontem
2708 2567 3011 2630 quaerere
3058 2567 3176 2611 nos
3224 2548 3467 2630 iubent,
3526 2568 3606 2619 ex
3655 2550 4020 2632 quo.etiam
4061 2545 4346 2609 Lucillus

808 2668 1105 2731 hauserit.
1199 2686 1391 2749 quem
1447 2685 1634 2729 nemo
1696 2687 1825 2730 non
1886 2667 2312 2751 suspicabitur
2354 2665 2705 2748 Didymum
2768 2686 2933 2747 esse,
2989 2688 3072 2730 ex
3129 2671 3315 2731 cuius
3357 2670 3749 2753 amplissimo
3795 2686 3982 2751 opere
4026 2665 4347 2730 Lucillum

805 2789 1108 2871 pleraque
1170 2786 1642 2869 deprompsisse
1702 2788 1889 2849 etiam
1938 2786 2431 2850 Warnkrossius
2489 2800 2656 2851 recte
2719 2790 2948 2869 posuit.
3050 2807 3438 2871 quamquam
3498 2806 3734 2851 nomen
3778 2790 4170 2870 grammatici
4214 2806 4343 2849 uon

807 2908 1080 2971 facimus
1125 2908 1374 2989 magni:
1433 2924 1622 2969 verus
1669 2907 1841 2968 enim
1888 2912 1950 2967 et
2014 2908 2311 2991 princeps
2371 2916 2610 2988 auctor,
2669 2909 2781 2991 qui
2835 2909 3080 2990 primus
3125 2908 3530 2991 proverbium
3577 2899 3745 2988 βάλλ’
3800 2912 3879 2979 εἰς
3924 2907 4215 2993 μακαρίαν
4259 2925 4342 2968 ex
4412 2907 4417 2910 ’

805 3028 1115 3091 Macariae
1158 3026 1350 3090 rebus
1396 3025 1778 3108 explicabat,
1825 3046 1904 3089 ne
1949 3025 2267 3107 Didymus
2314 3030 2576 3112 quidem
2619 3036 2735 3110 est,
2784 3030 2894 3093 sed
2939 3030 3042 3092 vel
3087 3035 3232 3092 ante
3275 3029 3624 3109 Didymum
3673 3028 4096 3111 quaerendus.
4170 3027 4343 3090 hunc

804 3149 1141 3232 indagasse
1198 3166 1353 3210 sane
1411 3146 1768 3229 expediret:
1832 3147 2008 3210 lacus
2066 3149 2386 3213 doctrinae
2440 3149 2710 3229 alienae,
2774 3169 2857 3211 ex
2905 3169 3032 3233 quo
3087 3149 3162 3212 ad
3219 3167 3338 3212 nos
3380 3149 3571 3211 rivuli
3613 3153 4067 3230 pervenerunt,
4130 3153 4343 3210 utrum

803 3267 1122 3350 Didymus
1165 3288 1245 3330 an
1296 3266 1583 3330 Lucillus
1629 3287 1709 3329 an
1759 3270 1988 3350 quovis
2033 3270 2156 3332 alio
2202 3272 2462 3333 nomine
2508 3270 2884 3353 appelletur,
2943 3289 3165 3351 parum
3209 3269 3410 3331 refert.
3504 3276 3720 3332 contra
3762 3269 3824 3331 id
3872 3288 4126 3351 semper
4167 3267 4345 3330 adni-
4395 3277 4406 3283 '

800 3388 1087 3468 tendum,
1140 3395 1207 3453 ut
1261 3388 1722 3469 perspiciamus
1784 3388 1949 3451 dena
2001 3389 2104 3452 vel
2161 3397 2429 3453 centena
2492 3392 2857 3453 testimonia
2912 3390 3108 3452 unius
3169 3391 3365 3452 instar
3409 3407 3575 3466 esse,
3640 3401 3703 3451 et
3756 3388 3833 3452 ab
3880 3390 4021 3451 eius
4066 3390 4339 3451 auctoris

797 3508 1161 3571 testimonio
1208 3507 1378 3589 quod
1422 3525 1794 3588 recuperare
1838 3506 1987 3569 licet
2030 3508 2247 3571 sordes
2290 3509 2532 3571 alienas
2577 3510 3039 3592 detergeamuS,
3083 3519 3424 3592 antequam
3470 3509 3546 3572 ad
3577 3509 3890 3572 iudicium
3921 3509 3998 3571 do
4029 3528 4104 3571 eo
4133 3509 4342 3594 feren·

799 3628 951 3691 dum
997 3645 1478 3709 consurgamus.
1571 3627 1762 3709 quod,
1809 3629 2052 3709 opinor,
2098 3629 2424 3690 consecuti
2476 3648 2702 3691 sumus
2720 3629 2835 3710 **).
2926 3628 3074 3712 quid
3128 3648 3273 3692 vero
3319 3630 3756 3711 repperimus?
3813 3648 4039 3691 aurum
4085 3648 4165 3694 an
4206 3647 4341 3691 car·

1131 3966 1187 4033 *)
1228 3967 1281 4032 1)
1319 3966 1570 4019 Timaeus
1606 3966 1708 4019 lex.
1735 3962 1877 4017 Plat.
1908 3962 2073 4016 Boin·
2101 3960 2172 4017 εἷς
2200 3968 2499 4033 Μακαρίαν
2534 3964 2655 4020 α’ντὶ
2695 3968 2786 4021 τοῦ
2819 3967 2975 4035 βάλλ’
3004 3964 3076 4023 εἷς
3108 3962 3257 4034 ᾅδου,
3295 3961 3431 4020 ὅθεν
3469 3961 3587 4018 totle
3622 3962 4004 4022 ἀποθανόντας
4036 3975 4337 4038 μακαρίτας

792 4057 920 4110 ἔθος
968 4052 1168 4107 καλεῖν·
1215 4047 1254 4118 ἢ
1298 4047 1385 4106 ὅτι
1432 4049 1465 4119 ἦ
1504 4056 1765 4118 Μακαρία
1803 4049 2054 4120 θυγάτηρ
2092 4042 2222 4104 οὖσα
2260 4051 2354 4106 τοῦ
2387 4050 2717 4121 ’Προκλέους
2751 4055 2941 4111 ἑκοῖῖοα
2980 4052 3112 4122 ὖπὲρ
3151 4053 3242 4107 τοῦ
3279 4053 3385 4106 τῶν
3418 4048 3790 4120 Ἠρακλειδυῖν
3823 4060 4004 4123 γένους
4040 4052 4334 4109 ἀπέθανεν.

790 4142 853 4210 2)
890 4140 1146 4195 Scholion
1184 4138 1394 4192 brevius
1430 4137 1498 4191 ad
1534 4138 1812 4206 Aristoph.
1848 4138 1986 4207 Equ.
2029 4139 2163 4192 1157
2202 4139 2342 4208 quod
2381 4140 2589 4194 Veneto
2627 4157 2751 4196 cum
2789 4143 2993 4196 minore
3027 4140 3270 4196 codicum
3307 4155 3501 4207 genere
3538 4156 3819 4194 commune
3867 4146 3966 4204 est,
4020 4141 4338 4211 antiquissi-

791 4246 941 4284 mum
988 4229 1176 4296 igitur,
1224 4222 1343 4279 ᾰντὶ
1393 4224 1486 4280 τοῦ
1533 4223 1602 4280 εἷς
1641 4221 1888 4294 ὄλεθρον,
1935 4224 2049 4280 κατ’
2089 4224 2441 4296 εὖφημισμῦν,
2491 4225 2605 4280 ἐπεὶ
2640 4236 2728 4280 καὶ
2766 4225 2822 4282 οἰ
2851 4229 3141 4282 τεθνεῶτες
3172 4233 3471 4295 μακαρῖται
3511 4225 3768 4294 λέγονται.
3844 4223 4033 4283 ἄλλως·
4071 4234 4336 4297 Μακαρία

785 4313 1115 4384 Ἠρακλίους
1162 4312 1429 4381 θυγάτηρ,
1480 4308 1550 4380 ἤν
1595 4308 1654 4365 οιι
1687 4309 1974 4381 Ἀθηναῖοι
2026 4312 2160 4381 ὗπὲρ
2209 4312 2414 4365 ἑαυτῶν
2463 4310 2851 4368 ἀποθανοῦσαν
2897 4315 3203 4369 πολυτελῶς
3247 4314 3485 4382 ἔθαψαν.
3562 4312 3753 4367 Suidas
3802 4313 3928 4368 dum
3981 4315 4103 4370 inde
4139 4333 4171 4369 a
4217 4314 4334 4370 κατ’

789 4400 1129 4473 εὖφημισμὸν
1175 4401 1309 4455 haec
1352 4398 1609 4453 describit
1658 4402 1715 4452 et
1748 4400 1945 4454 lemma
1985 4401 2217 4455 confecit
2251 4406 2493 4469 μακαρία
2533 4396 2562 4455 ὖ
2597 4394 2822 4469 ὄλεθρος
2860 4405 2917 4455 et
2951 4417 3046 4469 pro
3089 4400 3291 4469 insigni
3325 4417 3421 4454 suo
3459 4403 3678 4470 stupore
3713 4400 3921 4454 addidit.
3955 4403 4200 4471 θυγάτηρ
4241 4401 4336 4456 τοῦ

774 4486 987 4553 “Ἀιδου,
1043 4496 1133 4543 καὶ
1180 4492 1445 4556 παροιμία
1494 4484 1650 4555 βάλλ’
1691 4485 1742 4540 ἐς
1778 4490 2073 4556 Μακαρίαν
2109 4486 2227 4541 ἀντὶ
2268 4487 2361 4541 τοῦ
2398 4483 2470 4541 εἰς
2505 4484 2853 4556 δειλαιότητα
2888 4496 2978 4541 καὶ
3013 4469 3414 4555 πάνυῖλεθρίαν,
3470 4504 3606 4557 quae
3658 4504 3720 4541 ex
3756 4488 4074 4542 Zenobianis
4121 4490 4336 4543 detorta

785 4578 930 4628 sunt.
1002 4575 1058 4643 3)
1096 4573 1419 4628 Eustathius
1455 4574 1522 4627 ad
1560 4596 1593 4624 α
1634 4574 1733 4627 156
1775 4576 1848 4643 (p.
1890 4575 2024 4628 1405
2058 4574 2148 4643 36)
2187 4580 2276 4642 (ex
2311 4574 2582 4628 Pausania
2596 4573 2645 4640 1²)
2695 4571 2852 4643 βάλλ’
2905 4571 2956 4627 ἐς
3002 4581 3296 4642 μακαρίαν,
3345 4570 3505 4644 ἤγουν
3553 4569 3721 4642 ἄπαγε
3771 4571 3843 4628 εἰς
3893 4570 4125 4643 ὄλεθρον
4171 4571 4209 4644 ἢ
4261 4571 4333 4628 εἰς

783 4656 933 4730 ᾅδου,
971 4657 1154 4728 ἐπειδή
1194 4655 1249 4713 οἶ
1282 4669 1452 4728 νεκροὶ
1489 4666 1792 4730 μακαρῖται
1828 4660 2088 4730 λέγονται,
2128 4658 2167 4730 ἦ
2198 4670 2285 4715 καὶ
2323 4658 2516 4724 ἄλλως,
2555 4661 2670 4716 ἐπεὶ
2709 4666 2969 4729 Λίακαρία
3009 4657 3337 4729 Ἠρακλέους
3375 4659 3637 4730 θυγάτηρ,
3679 4655 3766 4714 ὅτε
3806 4659 4127 4730 Ἀθηναίοις
4152 4658 4332 4728 Εὐρυ-

786 4745 948 4802 σθεῠς
983 4746 1414 4815 ἐπεστράτευσεν,
1453 4744 1656 4814 ἑαυτήν
1693 4744 1952 4801 ἐπέδωκεν
1992 4744 2062 4802 εἷς
2099 4746 2310 4819 οφαγῆν
2354 4747 2486 4818 ι’πὲρ
2524 4756 2783 4818 σωτηρίας
2821 4747 2926 4802 τῶν
2958 4749 3292 4815 πατριωτῶν.

1122 4853 1203 4919 **)
1248 4850 1548 4913 Postremo,
1597 4865 1664 4904 ne
1717 4851 1844 4920 quid
1896 4852 2054 4916 desit,
2117 4854 2361 4908 scholion
2410 4853 2794 4922 Aristophanis
2840 4851 3085 4905 addimus
3134 4868 3195 4905 ex
3245 4851 3429 4908 codice
3465 4855 3510 4905 Θ
3547 4851 3605 4905 in
3640 4851 4043 4906 adnotationem
4084 4851 4330 4905 criticam

782 4942 1075 5009 receptum.
1147 4934 1507 5008 παροιμιῶδες
1547 4934 1658 4993 ἀπὸ
1694 4942 1986 5007 Μακαρίας
2025 4939 2120 5009 τῆς
2143 4939 2470 5008 Ἡρακλέους
2504 4936 2773 5008 θυγατρός
2812 4935 3146 5007 ἓπιδιὸοὸοης
3185 4936 3384 5007 εἀυτήν
3418 4937 3552 5006 ὑπὲρ
3590 4937 3695 4992 τῶν
3730 4936 3976 5008 ἀδελφῶν
4011 4936 4333 4993 ἀποθανεῖν.

781 5025 1008 5091 ἔθαψαν
1052 5020 1108 5076 δὲ
1158 5020 1338 5092 αὑτήν
1375 5027 1673 5094 Ἀθηναῖοι
1707 5027 2087 5095 θαυμάσαντες
2122 5037 2210 5080 καὶ
2247 5027 2490 5097 μεγάλως
2523 5033 2930 5096 μακαρίοαιτες.
3002 5042 3137 5095 quae
3177 5042 3237 5078 ex
3275 5025 3458 5078 eadem
3495 5026 3708 5080 fabulae
3744 5024 4164 5079 conformatione
4200 5042 4333 5095 pen·

783 5099 942 5171 dent'3
982 5110 1175 5162 ultima
1210 5126 1332 5166 vero
1368 5112 1486 5181 ipse
1522 5111 1817 5167 scholiasta
1854 5114 2237 5182 intempestiva
2270 5112 2493 5168 libidine
2532 5114 2744 5168 videtur
2779 5113 3113 5172 immutasse,
3151 5127 3274 5165 nam
3312 5127 3504 5167 nomen
3542 5113 3755 5183 quidem
3795 5112 4062 5166 Macariae
4102 5111 4334 5166 fortasse

782 5192 892 5250 eim}
930 5195 1033 5250 του*
1066 5199 1388 5264 μακαρίζειν
1423 5196 1664 5251 derivare
1700 5201 1934 5267 poterat,
1972 5198 2310 5267 proverbium
2347 5196 2501 5267 βάλλ’
2540 5194 2614 5252 εἰς
2643 5204 2918 5268 μακαρίαν
2959 5215 3064 5254 non
3101 5199 3249 5253 item.
