4913 6032
647 631 872 723 πατρὸς
943 634 1306 716 κατέσβεσεν
1376 636 1477 697 καὶ
1550 624 1617 706 ἐξ

652 755 874 818 ἐκείνου
903 750 1065 842 παρὰ
1100 746 1414 819 Μακεδόσι
1457 744 1617 816 νενό-

651 898 860 960 μισται
920 871 1031 950 τας
1091 875 1433 962 θυγατέρας
1491 878 1620 936 τῶν

652 986 1069 1077 κηδευομένων
1105 989 1189 1068 οἷς
1227 991 1300 1055 ἂν
1342 987 1454 1056 ω”σι
1482 1003 1619 1055 παῖ-

653 1106 757 1186 δες
817 1108 892 1176 τὸ
962 1109 1113 1176 αὐτὸ
1179 1106 1463 1200 πράττειν
1526 1114 1620 1176 ἐπὶ

655 1243 779 1305 τοῖς
820 1225 1125 1319 πατράσιν,

528 1374 587 1415 v.
641 1355 829 1415 1-3
904 1350 1265 1438 Εὐρυσθέως
1335 1351 1616 1433 Hesych.

528 1509 612 1519 —-
637 1473 839 1537 Schol.
858 1474 1180 1556 Aristoph.
1207 1475 1411 1555 prima
1436 1490 1624 1534 voca-

440 1638 451 1647 -
531 1593 681 1657 bula
709 1593 923 1675 paullo
953 1592 1133 1655 aliter
1161 1592 1445 1671 collocat,
1490 1611 1548 1653 ν.
1584 1596 1623 1653 8

528 1705 741 1786 παιδὸς
794 1688 868 1773 αὐ
925 1707 1111 1781 ἄνθη·
1148 1714 1250 1774 καὶ
1298 1702 1627 1797 στεφάνους

2044 412 2525 485 ..ν-

1872 621 1912 697 ἦ
1977 624 2262 713 παροιμία
2330 626 2542 709 εἴρητο·
2600 620 2845 708 ὕστερον

1875 740 1946 809 δὲ
1990 746 2498 830 καταχρηστικῶς
2528 742 2621 804 έπὶ
2651 732 2845 815 πάσης

1877 856 2292 953 ἀφοσιώσεως.

1748 1011 1808 1052 v.
1838 992 1875 1051 5
1922 984 2217 1073 μακαρίαν
2256 976 2371 1068 γὰρ
2417 981 2480 1042 ἐν
2513 972 2663 1061 ᾅδου
2692 1002 2755 1065 χ.
2788 971 2844 1041 δ.

1752 1107 1900 1176 BV,
1992 1107 2071 1168 10
2127 1094 2430 1164 ἐπιδοῦναι
2471 1101 2531 1162 έν
2570 1103 2663 1179 τῷ
2704 1093 2847 1185 πρὸς

1752 1224 2074 1314 Εὐρυσθέα
2101 1221 2353 1306 πολέμῳ
2387 1219 2480 1282 M.
2551 1221 2628 1282 12
2661 1216 2848 1292 αὐτῆς

1754 1347 1858 1412 M:
1913 1352 2024 1420 τῆς
2067 1344 2381 1429 Μακαρίας
2426 1339 2494 1399 Β
2517 1339 2570 1400 V
2600 1341 2677 1419 (P)
2770 1341 2848 1401 18

1751 1471 1950 1553 εἴρητο
1983 1464 2063 1527 Μ
2075 1488 2088 1528 :
2137 1462 2387 1548 ἐλέγετο
2428 1460 2497 1521 Β
2517 1458 2574 1519 V
2603 1460 2852 1542 reliqua

1753 1588 1819 1648 in
1868 1583 1944 1646 M
1985 1584 2210 1647 deesse
2252 1582 2571 1645 videntur.

3093 625 3299 710 καρίαν
3350 622 3481 686 κατ’
3536 616 3910 709 εὐφημισμὸν
3950 645 4060 683 κα-

3091 734 3395 828 λούμενον,
3462 737 3537 805 τὸ
3585 735 3642 805 δ’
3675 736 3826 804 αὐτὸ
3870 746 4060 803 τοῦτο

3094 864 3197 924 καὶ
3240 863 3300 936 ές
3338 862 3634 948 μακαρίαν
3674 861 3921 947 &fiscum
3961 861 4064 922 καὶ

3094 986 3175 1055 εἰς
3219 982 3531 1069 μακαρίαν.

2967 1122 3027 1164 v.
3082 1102 3158 1163 17
3220 1103 3492 1186 ἔφασκεν
3529 1101 3742 1183 vulgo.
3833 1098 4063 1162 Suidas

2970 1225 3010 1285 8
3053 1212 3295 1283 τούτου.
3349 1222 3427 1283 18
3471 1211 3841 1304 καλούμενον
3883 1219 4066 1282 omit-

2969 1343 3076 1421 tit3
3125 1341 3237 1403 sed
3284 1335 3406 1402 οἷον
3445 1346 3524 1413 εἰς
3555 1332 3704 1423 ᾅδου
3735 1344 3878 1424 post
3910 1340 4066 1402 lem·

2972 1482 3078 1524 ma
3106 1463 3320 1544 inepte
3351 1461 3610 1523 traiecit.
3645 1462 3832 1542 peius
3874 1461 4065 1522 etiam

2973 1583 3034 1644 ei
3096 1580 3346 1643 codices
3405 1599 3569 1663 quos
3612 1578 4066 1660 Bernhardyus

2975 1706 3234 1764 secutus
3274 1703 3388 1763 est.

527 1855 664 1919 παρ.
706 1840 997 1916 corrupta
1040 1831 1317 1913 praebet,
1360 1830 1624 1895 Duridis

530 1954 738 2017 locum
788 1955 1035 2017 omittit.
1064 1989 1147 1998 —
1178 1950 1384 2018 Schol.
1418 1949 1626 2014 Plato-

528 2076 634 2136 nis
659 2074 753 2135 sic
774 2072 1006 2155 legitur
1035 2078 1099 2135 et
1131 2071 1300 2154 apud
1324 2069 1628 2136 Ruhnke-

532 2194 717 2255 nium
779 2200 842 2254 et
891 2194 960 2254 in
1014 2192 1233 2255 codice
1288 2190 1361 2273 Τ,
1433 2213 1627 2278 quem

533 2311 885 2375 Schanzius
932 2311 1112 2395 legit,
1184 2316 1625 2397 praeterquam

536 2432 707 2515 quod
748 2452 806 2493 v.
842 2434 880 2493 9
927 2422 1113 2494 αὐτόν
1156 2452 1268 2515 pro
1313 2424 1503 2503 αὐτήν
1538 2434 1627 2498 ibi

534 2557 647 2614 est.
694 2552 815 2614 fuit
858 2551 1008 2614 olim
1055 2546 1163 2614 τὸν
1205 2542 1402 2638 τάφον
1445 2551 1631 2628 αὐτῆς

534 2671 637 2734 vel
684 2672 910 2734 simile.

540 3024 757 3092 Unum
814 3024 994 3087 illum
1042 3028 1407 3108 scriptorem
1459 3027 1644 3088 cuius
1693 3024 1887 3088 verba
1929 3025 2229 3088 trifariam
2273 3025 2609 3108 compilata
2651 3027 3104 3108 proposuimus
3143 3023 3461 3088 Lucillum
3505 3022 3890 3087 Tarrhaeum
3937 3043 4082 3086 esse

538 3146 891 3209 certissime
933 3152 1139 3229 potest
1180 3145 1499 3226 affirmari,
1543 3149 1996 3229 revocavitque
2040 3146 2117 3210 ad
2157 3165 2305 3211 eum
2347 3145 2588 3209 scholia
2616 3142 2901 3208 Platonis
2945 3147 3008 3209 et
3052 3144 3408 3208 Zenobium
3452 3163 3570 3207 suo
3613 3144 3754 3206 iure
3785 3142 4082 3206 Maximi-

542 3263 754 3326 lianus
800 3264 1183 3327 Warnkross
1239 3268 1349 3349 qui
1407 3265 1718 3328 eruditam
1774 3265 1853 3328 de
1907 3267 2490 3350 paroemiographis
2537 3266 3046 3329 dissertationem
3091 3285 3299 3348 nuper
3341 3284 3663 3328 consensu
3708 3269 3772 3327 et
3815 3265 4083 3326 auctori-

544 3385 668 3442 tate
711 3383 911 3443 nostri
956 3383 1473 3465 philosophorum
1521 3383 1764 3447 ordinis
1806 3383 2003 3449 edidit
2045 3390 2128 3468 (p.
2178 3387 2297 3465 53).
2390 3386 2502 3449 sed
2548 3404 2624 3449 eo
2672 3385 3063 3448 luculentius
3102 3384 3356 3447 fraudes
3402 3386 3875 3447 convineuntur
3918 3403 4083 3468 quae

545 3520 692 3563 cum
736 3500 930 3582 vulgo
970 3500 1200 3564 Lucilli
1242 3501 1455 3565 verbis
1496 3503 1815 3565 insideant
1859 3504 2043 3568 nobis
2076 3526 2333 3591 quoque
2364 3507 2516 3569 olim
2549 3503 2742 3568 verba
2771 3504 3100 3567 dederunt.
3192 3504 3259 3564 in
3295 3501 3587 3565 Parisino
3618 3504 3791 3565 enim
3820 3501 4087 3565 Zenobii

544 3620 783 3702 codice,
836 3620 1191 3684 secundum
1240 3639 1433 3704 quem
1481 3622 1686 3684 adhuc
1732 3640 1987 3707 semper
2032 3625 2241 3690 editus
2287 3631 2404 3707 est,
2461 3627 2628 3689 inter
2672 3623 2981 3687 vocabula
3026 3625 3310 3705 genuina
3351 3621 3667 3707 στρατείαν
3710 3626 3774 3684 ct
3817 3615 3924 3683 τὸν
3968 3613 4087 3698 οὖν,

546 3760 710 3824 quae
778 3760 971 3824 supra
1036 3740 1337 3824 leguntur
1401 3762 1458 3804 v.
1526 3744 1598 3804 ll
1672 3743 1827 3806 haec
1894 3744 2231 3807 intertexta
2299 3751 2466 3807 sunt.
2576 3739 2760 3827 [μετὰ
2823 3732 3094 3805 θάνατον
3155 3737 3268 3830 γὰρ
3325 3736 3701 3827 Ἡρακλέους
3762 3730 4090 3814 διώκοντος

548 3858 910 3947 Εὐρυσθέως
976 3854 1119 3934 τοὺς
1190 3859 1412 3922 ἐκείνου
1477 3850 1696 3934 παῖδας
1759 3862 1861 3923 καὶ
1920 3857 2064 3948 πρὸς
2125 3858 2235 3927 τὸν
2297 3868 2409 3927 τοῦ
2467 3860 2695 3925 Ἐλέου
2763 3857 2970 3948 βωμὸν
3033 3866 3159 3923 τῶν
3214 3852 3639 3946 Ἡρακλειδῶν
3717 3881 4089 3945 προσπεφευ-

545 3970 767 4064 γότων,
818 3979 1124 4050 Ἀθηναῖοι
1175 3972 1258 4063 μὴ
1305 3970 1646 4053 ἐκδιδόντες
1699 3977 1918 4056 αὐτοὺς
1960 3976 2103 4069 πρὸς
2150 3981 2471 4070 Εὐρυσθέα
2516 3973 2783 4068 πόλεμον
2842 3977 3226 4064 ὑπέστησαν]
3313 3981 3415 4042 καὶ
3470 3984 3742 4064 χρησμοῦ
3796 3957 4092 4053 δοθέντος

547 4090 1100 4184 ἀπαλλαγήσεσθαι
1149 4105 1259 4174 τῆς
1318 4097 1681 4187 Εὐρυσθέως
1741 4093 2159 4187 καταδρομῆς,
2220 4106 2362 4177 εἴτις
2420 4107 2549 4163 τῶν
2598 4093 3021 4189 Ἡρακλειδῶν
3075 4094 3218 4185 πρὸς
3272 4090 3543 4160 θάνατον
3601 4089 3868 4161 ἑκούσιον
3929 4090 4090 4178 ἐκδῷ

550 4209 792 4294 ἑαυτόν,
854 4212 892 4287 ᾗ
962 4220 1244 4306 Μακαρία
1305 4215 1448 4305 πρὸς
1512 4211 1783 4282 θάνατον
1847 4216 2065 4283 ἑαυτὴν
2127 4215 2377 4296 ἐξέδοτο
2446 4222 2573 4306 [καὶ
2638 4212 3046 4307 συμβαλόντες
3104 4216 3410 4288 Ἀθηναῖοι
3472 4222 3710 4280 νικῶσιν
3773 4216 4094 4304 Εὐρυσθέα

549 4338 651 4399 καὶ
703 4340 952 4399 πολλῶν
1006 4331 1314 4403 πεσόντων
1380 4337 1700 4424 Εὐρυσθέα
1755 4339 1993 4415 ’Ὕλλος
2059 4339 2372 4404 ἀπέκτεινε
2434 4351 2571 4415 παῖς
2622 4335 2997 4427 Ἡρακλέους
3053 4341 3154 4401 καὶ
3212 4338 3400 4402 αὐτοῦ
3459 4334 3572 4403 τὴν
3630 4331 3900 4424 κεφαλὴν
3952 4332 4094 4424 πρὸς

542 4448 879 4542 Ἀλκμήνην
936 4448 1228 4543 ἐκόμισεν,
1280 4456 1319 4527 ἦ
1372 4451 1443 4520 δὲ
1488 4460 1711 4547 κερκίσι
1763 4455 1906 4535 τούς
1962 4458 2322 4549 ὀφθαλμοὺς
2366 4452 2654 4547 ἐξώρυξεν
2697 4457 2928 4543 αὐτοῦ]
3017 4479 3102 4522 ex
3149 4460 3247 4522 his
3294 4479 3460 4543 quae
3504 4458 3803 4521 cancellis
3852 4458 4093 4544 saepsi-

548 4595 697 4639 mus
748 4584 1001 4661 sumpta
1058 4584 1210 4642 suut
1267 4598 1349 4641 ex
1410 4578 1790 4644 bibliotheca
1845 4584 2216 4667 Apollodori
2274 4581 2335 4645 II
2389 4585 2429 4646 8
2491 4580 2707 4645 verbis
2759 4581 2986 4644 leviter
3032 4584 3281 4642 tantum
3333 4580 3703 4642 immutatis.
3804 4577 3916 4641 sed
3979 4577 4095 4640 Ze-

553 4693 728 4756 nobii
784 4696 1055 4761 editores
1110 4717 1258 4761 cum
1316 4697 1435 4760 hoc
1500 4700 1757 4782 quidem
1824 4706 1993 4765 recte
2054 4703 2648 4782 animadverterent,
2700 4718 3005 4785 quaerere
3064 4697 3510 4780 neglexerunt,
3564 4697 3735 4760 unde
3793 4717 3870 4760 ea
3928 4716 4093 4780 quae

552 4813 993 4896 Apollodoreis
1071 4819 1442 4900 interposita
1525 4824 1681 4881 sunt
1760 4823 2190 4902 provenerint.
2306 4824 2510 4916 possit
2580 4822 2753 4884 enim
2827 4821 3144 4904 quispiam
3220 4817 3533 4898 suspicari
3607 4817 3764 4880 haec
3837 4835 4096 4899 quoque

552 4951 639 4995 ex
699 4934 1041 5018 integriore
1106 4936 1489 5001 bibliotheca
1540 4956 1903 5020 superesse,
1962 4960 2157 5023 quam
2208 4959 2326 5003 nos
2390 4960 2521 5004 non
2575 4940 2782 5003 solum
2841 4942 2912 5003 in
2957 4937 3088 5001 fine
3142 4936 3430 4999 mutilam
3489 4935 3601 4999 sed
3652 4935 3914 4998 omnino
3962 4953 4097 4997 cor·

552 5054 986 5135 ruptissimam
1040 5059 1421 5140 accepimus,
1476 5059 1673 5122 veluti
1724 5060 1793 5122 in
1853 5061 1991 5143 ipso
2045 5061 2252 5143 capite
2311 5065 2535 5125 octavo
2579 5061 2639 5139 2,
2685 5061 2726 5121 4
2769 5056 3120 5139 compluria
3172 5055 3518 5138 intercepta
3561 5061 3732 5119 sunt.
3822 5054 3935 5118 sed
3978 5055 4097 5118 hoe

552 5171 691 5236 loco
748 5176 963 5238 omnia
1025 5179 1262 5262 optime
1317 5178 1687 5262 procedunt,
1744 5179 2153 5262 interpolator
2202 5200 2357 5244 vero
2410 5178 2676 5242 Zenobii
2719 5175 3033 5240 Macariae
3088 5175 3504 5256 mentionem,
3563 5194 3728 5257 quae
3777 5175 3956 5239 nulla
3999 5179 4101 5238 est

550 5291 619 5353 in
677 5292 1086 5378 bibliotheca,
1138 5300 1498 5362 necessario
1556 5297 1827 5363 debebat
1877 5298 2222 5378 intrudere,
2277 5303 2350 5362 ut
2400 5299 2665 5361 omnino
2720 5294 3106 5379 Apollodoro
3166 5312 3285 5358 suo
3353 5293 3431 5356 ad
3495 5291 3618 5355 hoc
3686 5291 4098 5376 proverbium
