4913 6032
2262 300 2824 375 -XVI—

754 511 1355 593 splendidissimum
1392 514 1510 594 ipsi
1557 518 1702 575 aute
1749 513 1864 575 hos
1912 515 2199 596 quinque
2245 531 2450 576 annos
2492 514 2612 576 hoc
2657 513 2880 576 eodem
2913 513 3049 575 Ioco
3095 514 3279 595 primi
3324 512 3658 575 edidimus.
3747 512 3857 574 sed
3907 529 4115 594 neque
4144 509 4291 573 inde

753 631 831 692 ad
891 637 1335 713 argumentum
1394 630 1642 694 fabulae
1707 632 2054 714 quidquam
2101 632 2452 715 colligitur,
2511 652 2724 715 neque
2781 632 2980 695 multa
3038 633 3299 694 omnino
3354 631 3478 694 dici
3523 637 3811 713 possunt.
3901 650 4291 713 quamquam

754 753 929 813 onim
972 771 1136 835 quae
1200 749 1576 813 Plutarchus
1640 752 1829 814 habet
1893 752 1999 831 (de
2064 751 2316 814 absurd.
2390 752 2576 815 Stoie.
2645 753 2708 831 2)
2776 756 2917 833 post
2980 750 3310 833 Euripidei
3379 750 3534 814 Iolai
3604 753 4290 829 commemorationem,

752 869 964 956 γέγονε
1009 872 1289 953 (sapiens
1353 868 1625 945 Stoicus)
1692 871 1761 931 ἐκ
1814 873 1988 954 ῥυσοῦ
2050 872 2151 932 καὶ
2201 874 2446 955 αἰσχροῦ
2505 872 2608 932 καὶ
2659 865 2789 930 κατ’
2857 860 3154 953 Αἰσχύλον
3209 861 3324 942 “ἐ.ξ
3384 867 3764 954 ὀσφυαλγοῦς
3828 859 4293 940 κὼδυνοσπάδος

658 1072 669 1081 ⁸
751 993 969 1075 λυγροῦ
1024 988 1344 1075 γέροντος”
1411 980 1700 1075 εὐπρεπής
1756 992 1866 1051 vix
1946 996 2217 1071 possunt
2277 990 2608 1052 commode
2671 992 2953 1052 rovocari
3020 989 3097 1051 ad
3160 989 3357 1052 alium
3413 1009 3602 1071 quam
3660 992 3811 1051 item
3877 990 3953 1051 ad
4025 987 4292 1070 Iolaum,

754 1116 965 1173 tamen
1014 1112 1162 1173 sciri
1209 1110 1558 1192 quidquam
1606 1111 1757 1172 certi
1803 1128 1995 1190 posse
2040 1107 2378 1199 defabula
2407 1109 2714 1188 Aeschyli
2763 1128 2878 1172 nos
2923 1109 3354 1191 desperamus.
3440 1129 3642 1171 unum
3686 1127 3841 1171 sane
3889 1109 4028 1189 ipse
4067 1107 4291 1170 titulus

753 1229 953 1307 docet,
992 1229 1384 1309 Aesehylum
1430 1229 1631 1291 fuisse
1678 1229 1789 1310 qui
1824 1227 2281 1291 Marathoniam
2327 1227 2608 1291 fabulam
2647 1249 2726 1291 ex
2780 1248 2886 1291 ore
2930 1228 3110 1311 vulgi
3158 1231 3529 1311 susceperit,
3569 1247 3779 1312 neque
3820 1228 3958 1290 fieri
4001 1228 4291 1309 potuisse

753 1349 910 1430 quin
958 1367 1073 1429 pro
1119 1367 1274 1411 suae
1318 1349 1542 1411 aetatis
1584 1348 1814 1410 studiis
1865 1346 2176 1411 beneficia
2217 1349 2714 1411 Atheniensium
2760 1354 2824 1411 et
2865 1350 3270 1412 concordiam
3317 1348 3665 1411 eorundem
3708 1347 4291 1429 Spartanorumque

750 1468 1126 1547 celebra-ret,
1190 1468 1321 1530 sere
1378 1469 1445 1529 in
1510 1486 1655 1530 eum
1722 1467 1979 1529 modum
2039 1470 2151 1551 qui
2204 1469 2272 1529 iu
2335 1470 2617 1530 oratioue
2677 1468 3174 1531 Atheniensium
3240 1469 3411 1549 apud
3454 1467 3847 1530 Herodotum
3894 1473 4017 1541 est;
4087 1467 4291 1548 ipsam

754 1592 1037 1657 veterem
1095 1585 1376 1650 fabulam
1437 1587 1833 1667 Aeschyleae
1887 1587 2145 1669 quidem
2198 1587 2559 1669 tragoediae
2615 1587 2918 1650 idoneum
2969 1585 3267 1669 praebere
3311 1592 3793 1669 argumentum,
3845 1591 4035 1668 atque
4099 1604 4293 1667 quae-

754 1725 1033 1788 cumque
1072 1705 1408 1788 Euripides
1478 1708 1808 1768 novaverit
1873 1707 2063 1768 etiam
2117 1708 2321 1788 magis
2383 1724 2527 1768 esse
2591 1707 2944 1785 luculenta,
3011 1709 3066 1768 si
3127 1705 3205 1769 ab
3273 1706 3592 1785 Aeschylo
3662 1708 3874 1768 sciens
3941 1704 4287 1767 deflexerit.

755 1825 1034 1907 denique
1087 1825 1439 1908 lugendum
1485 1844 1673 1902 sane,
1727 1826 1836 1887 sed
1886 1827 2169 1907 ingenue
2208 1825 2532 1887 fatendum
2580 1838 2698 1904 est,
2739 1826 2842 1887 hic
2884 1825 3053 1888 idom
3100 1825 3406 1889 accidisse
3456 1825 3624 1907 quod
3671 1845 3818 1888 eum
3866 1826 4022 1887 alias
4067 1825 4294 1887 accidit
4377 1882 4390 1896 ,

753 1950 889 2007 tum
933 1946 1001 2007 in
1048 1943 1259 2007 fabula
1301 1944 1486 2007 valde
1551 1945 1777 2024 simili,
1834 1963 2001 2027 quae
2050 1950 2147 2007 est
2200 1945 2279 2006 de
2340 1949 2585 2026 septem
2633 1942 2864 2008 dueum
2924 1945 3294 2028 corporibus
3350 1966 3460 2028 per
3505 1945 3934 2007 Athenienses
3973 1931 4337 2008 'Eleusino'
4379 1945 4386 1951 ’

754 2064 1060 2146 sepultis:
1109 2066 1520 2146 praestrinxit
1562 2064 1886 2147 Euripidis
1934 2066 2267 2148 ingeniosa
2314 2068 2563 2128 novitas
2608 2066 2932 2148 antiquam
2981 2066 3282 2144 Aeschyli
3331 2065 3816 2148 simplicitatem.

1088 2218 1415 2282 Dabamus
1460 2240 1512 2281 a.
1562 2219 1619 2280 d.
1660 2218 1790 2282 XII
1836 2219 1973 2283 Kal.
2023 2219 2202 2321 Febr.
