4913 6032
2323 421 2419 430 —
2525 380 2702 453 VIII
2805 420 2908 432 —

843 591 1184 656 Macariam
1245 590 1544 654 Herculis
1596 611 1676 654 ex
1737 589 2039 654 Deianira
2078 590 2275 654 filiam
2333 590 2460 654 sibi
2507 593 2638 673 ipsi
2689 596 2956 655 mortem
3022 595 3412 656 conscivisse
3472 598 3663 676 atquc
3717 596 3806 656 ita
3876 589 4383 656 Atheniensibus
4443 580 4452 591 ’

844 714 1215 793 victoriam,
1271 712 1427 774 fonti
1480 729 1717 774 nomen
1780 711 2175 774 conciliasse.
2281 709 2649 793 discrepant
2688 710 2848 775 haec
2907 731 3057 775 cum
3117 714 3184 775 in
3243 713 3590 777 levioribus
3650 712 3728 776 ab
3773 712 4078 797 Euripide
4120 716 4258 775 tum
4306 728 4383 773 eo

846 833 1019 915 quod
1053 831 1326 895 Macaria
1371 851 1497 894 non
1545 831 1908 894 immolatur
1953 831 2064 894 scd
2112 850 2232 893 sua
2269 849 2469 894 manu
2519 834 2800 895 moritur.
2866 833 3082 915 itaque
3123 833 3345 914 procul
3389 832 3584 897 dubio
3635 839 3823 897 erunt
3864 834 3978 916 qui
4019 830 4382 894 Pausaniae

850 953 1257 1043 sedulitatem
1303 957 1366 1013 et
1409 950 1599 1013 fidem
1647 951 1976 1029 extollant,
2040 951 2151 1033 qui
2197 969 2276 1012 ex
2329 950 2622 1034 populari
2668 951 2835 1014 fama
2889 971 3030 1015 eam
3075 954 3280 1035 ipsam
3323 956 3646 1037 exceperit
3685 952 3985 1032 fabulam,
4041 952 4146 1014 cui
4189 951 4382 1013 etiam

852 1068 1188 1153 Euripides
1233 1071 1621 1155 tragoediam
1667 1072 2181 1154 superstruxerit.
2273 1074 2336 1133 at
2376 1069 2660 1134 sublesta
2696 1076 2795 1133 est
2837 1069 3193 1134 Pausaniae
3237 1070 3438 1149 fidcs;
3488 1074 3600 1154 qui
3640 1074 3695 1135 si
3737 1072 4033 1155 quemvis
4078 1070 4158 1132 dc
4196 1066 4383 1151 plebe

852 1188 1247 1253 Marathonia
1312 1193 1785 1274 interrogasset,
1851 1190 2073 1254 saltem
2120 1189 2198 1253 ab
2244 1209 2320 1253 eo
2365 1209 2571 1254 errore
2613 1188 2736 1253 sibi
2779 1191 3073 1270 cavisset,
3162 1197 3232 1255 ut
3271 1188 3702 1271 Tricorysium
3755 1190 3995 1254 fontem
4047 1191 4112 1252 in
4158 1208 4381 1273 agrum

852 1309 1315 1375 Marathonium
1361 1310 1740 1373 transferret„
1832 1310 2061 1393 quodsi
2128 1330 2212 1373 ne
2277 1329 2353 1372 eo
2420 1310 2678 1393 quidem
2727 1311 2898 1393 quod
2963 1311 3041 1374 ad
3108 1313 3492 1394 periegetam
3561 1312 3964 1394 potissimum
4030 1307 4384 1393 pertinebat

848 1447 1117 1493 munere
1146 1430 1446 1512 religiose
1474 1431 1733 1493 iunctus
1772 1436 1889 1510 est,
1919 1430 2382 1513 compilationis
2413 1435 2513 1493 est
2544 1432 2893 1493 convictus.
2950 1450 3339 1514 quamquam
3383 1450 3634 1494 summa
3676 1434 3766 1495 rci
3795 1431 3913 1494 hac
3942 1429 4383 1494 observatione

846 1568 975 1611 non
1021 1550 1323 1632 tangitur,
1379 1548 1695 1633 siquidem
1740 1548 1887 1612 libri
1936 1570 1975 1612 a
2013 1547 2335 1612 Pausania
2379 1552 2444 1611 in
2493 1551 2721 1613 Atticis
2765 1550 3144 1634 plerumque
3188 1552 3479 1634 excripti‚
3531 1552 3882 1633 periegesis
3929 1554 3991 1613 et
4032 1550 4265 1631 Atthis,
4319 1552 4384 1612 et

844 1671 1160 1731 vetustate
1205 1672 1267 1730 et
1310 1671 1677 1731 auctoritate
1720 1668 2156 1732 florentissimi
2221 1676 2387 1732 sunt.
2480 1675 2672 1753 atque
2727 1670 2804 1733 ad
2848 1671 3055 1752 ipsam
3098 1670 3419 1733 Atthidem
3469 1689 3586 1732 nos
3630 1670 3891 1732 remittit
3936 1671 3990 1731 is
4033 1671 4220 1732 cuius
4259 1685 4381 1749 ope

844 1784 1203 1850 Pausaniae
1251 1807 1525 1851 errorem
1588 1790 2000 1872 corrigimus,
2045 1788 2470 1871 Apollodorus
2529 1791 2596 1852 in
2659 1787 2954 1871 Catalogo
3007 1787 3232 1869 (Strab.
3277 1786 3376 1851 IX
3423 1790 3499 1850 37
3510 1791 3571 1869 7)
3619 1783 3959 1874 Εὐρυσθεὺς
4016 1776 4382 1872 στρατεύσας

846 1910 927 1978 εἰς
969 1905 1328 1991 Μαραθῶνα
1366 1908 1462 1970 ἐπὶ
1496 1902 1640 1982 τοὺς
1675 1903 2051 1995 Ἡρακλέους
2089 1900 2308 1981 παῖδας
2350 1910 2450 1969 καὶ
2486 1899 2732 1970 Ἰόλαον
2790 1900 3229 1988 βοηθησάντων
3264 1906 3596 1978 Ἀθηναίων
3637 1914 3957 1993 ἱστορεῖται
3992 1916 4189 1969 πεσεῖν
4217 1906 4279 1967 ἐν
4303 1909 4382 1985 τῆ

848 2016 1039 2109 μάχῃ,
1082 2027 1182 2088 καὶ
1224 2022 1298 2089 τὸ
1344 2024 1452 2112 μὲν
1494 2022 1647 2088 ἄλλο
1699 2032 1878 2113 σῶμα
1926 2026 2273 2113 Γαργηττοῖ
2323 2032 2604 2113 ταφῆναι,
2649 2021 2761 2095 τὴν
2798 2020 2868 2089 δὲ
2909 2021 3178 2113 κεφαλὴν
3217 2029 3398 2113 χωρὶς
3439 2028 3501 2088 ἐν
3543 2020 3919 2113 Τρικορύθῳ,
3961 2015 4383 2109 ἀποκόψαντος

846 2139 1034 2213 αὐτὴν
1069 2142 1084 2163 ’
1102 2138 1335 2221 Ιολάου,
1387 2147 1516 2232 περὶ
1558 2140 1670 2213 τὴν
1713 2137 1924 2231 κρήνην
1964 2142 2075 2216 τὴν
2120 2146 2434 2236 Μακαρίαν
2465 2144 2579 2212 ὑπὸ
2625 2139 2935 2231 ἁμαξιτόν,
2984 2141 3146 2209 καὶὸ
3178 2138 3365 2220 τόπος
3402 2150 3677 2210 καλεῖται
3723 2144 4082 2233 Εὐρυσθέως
4124 2136 4380 2230 κεφαλή.

846 2263 1301 2347 subiungimus
1348 2268 1557 2330 statim
1605 2286 1769 2350 quae
1812 2267 1889 2330 ad
1936 2267 2205 2332 eandem
2268 2272 2692 2332 narrationem
2754 2270 3011 2331 faciunt.
3111 2266 3315 2331 Schol.
3362 2269 3681 2350 Aristoph.
3728 2265 3981 2331 Thesm.
4031 2268 4155 2329 896
4200 2266 4382 2346 (Gar—

842 2390 1081 2465 gettus)
1128 2390 1277 2447 ἑνθα
1307 2381 1379 2448 τὸ
1424 2384 1787 2471 Εὐρυσθέως
1828 2378 2146 2449 ἀπόκειται
2177 2395 2356 2473 σῶμα
2383 2392 2443 2451 ἐν
2487 2395 2577 2470 τῷ
2622 2386 2973 2473 ἀκρωτηρίῳ
2999 2386 3077 2468 *).
3167 2387 3389 2450 cadem
3435 2390 3720 2469 exceptis
3767 2388 4007 2450 ultimis
4053 2386 4380 2450 vocabulis

844 2503 1208 2586 Stephanus
1233 2506 1389 2588 Byz.
1420 2526 1468 2569 s.
1491 2528 1550 2567 v.
1590 2507 1766 2593 Γαργ.
1824 2507 2016 2569 schol.
2046 2505 2225 2571 Pind.
2256 2507 2436 2590 Pyth.
2467 2513 2526 2591 9,
2552 2512 2673 2573 145
2714 2509 2775 2571 ἐν
2800 2513 2879 2589 τῆ
2909 2497 3189 2592 ἁμαξιτῷ
3237 2505 3509 2588 [πλησίον
3530 2511 3641 2568 τοῦ
3682 2496 3881 2591 τάφου
3917 2497 4377 2592 Ἀμφιτρύωνος]

844 2623 1084 2708 ἔθαψαν
1129 2619 1238 2686 τὸν
1288 2624 1623 2712 Εὐρυσθέα,
1693 2628 1785 2687 ἵνα
1850 2623 1942 2689 ἀεὶ
1997 2631 2285 2694 πατῆται.
2395 2629 2786 2693 secludenda
2827 2632 3007 2691 erant
3054 2644 3220 2708 quae
3268 2625 3601 2689 scholiasta
3647 2645 3728 2687 cx
3767 2644 3843 2689 eo
3887 2623 4146 2688 Pindari
4186 2643 4376 2688 versu

844 2764 1037 2828 quem
1087 2745 1363 2828 explicat
1406 2748 1724 2809 incautius
1769 2746 2123 2813 admiscuit.
2230 2747 2370 2811 fieri
2430 2755 2635 2832 potest
2701 2755 2772 2812 ut
2835 2745 3262 2830 Apollodorus
3307 2745 3414 2807 vel
3456 2745 3563 2827 qui
3611 2765 3757 2808 eum
3805 2746 4113 2827 excripsit
4155 2742 4377 2807 Strabo

844 2866 1115 2947 virginis
1198 2865 1511 2929 Macariae
1605 2868 1993 2930 mentionem
2076 2869 2552 2948 suppresserit,
2659 2867 2770 2930 sed
2868 2886 2948 2930 ne
3024 2867 3090 2930 id
3173 2866 3431 2948 quidem
3546 2864 3682 2927 fieri
3770 2884 3894 2927 non
4009 2869 4213 2947 potest
4308 2869 4380 2926 ut

769 2978 795 3001 ’
842 2985 1269 3068 Apollodorus
1327 2985 1427 3048 vel
1490 3004 1567 3049 ea
1612 3005 1741 3070 qua
1788 2985 2084 3050 utebatur
2143 2986 2356 3050 Atthis
2413 2988 2652 3051 fontem
2699 2986 3039 3051 Macariam
3087 2988 3351 3066 noverit,
3438 3003 3673 3050 nomen
3715 2984 3984 3066 virginis
4028 3002 4156 3046 non
4205 2984 4373 3045 item.

847 3107 1146 3170 nimirum
1179 3126 1254 3169 eo
1299 3110 1674 3189 perventum
1720 3111 1917 3168 estut
1966 3106 2313 3170 habeamus
2347 3107 2498 3190 quid
2531 3112 2696 3170 recte
2727 3109 2944 3190 quaeri
2989 3111 3052 3169 et
3079 3108 3281 3190 possit
3322 3112 3386 3170 et
3428 3104 3671 3168 debeat.
3763 3105 4131 3187 quaerimus
4168 3109 4378 3166 utrum

843 3224 975 3288 filia
1015 3223 1312 3289 Herculis
1360 3245 1507 3289 cum
1551 3225 1724 3288 fonte
1770 3223 2127 3307 Tricoiysio
2172 3228 2465 3310 primitus
2522 3228 2713 3290 fuerit
2755 3229 3123 3291 coniuncta:
3176 3232 3311 3288 tum
3355 3225 3549 3287 fontis
3597 3243 3832 3290 nomen
3875 3243 3913 3286 a
3953 3224 4203 3306 virgine
4247 3241 4379 3284 non

844 3348 1053 3426 potest
1096 3343 1345 3424 divelli,
1405 3363 1479 3407 ac
1524 3362 1606 3406 ne
1654 3342 1941 3427 Euripidi
2010 3345 2267 3427 quidem
2337 3346 2598 3408 reticere
2639 3365 2872 3409 nomen
2921 3343 3179 3426 licebat,
3239 3350 3311 3407 ut
3354 3366 3392 3407 a
3446 3363 3573 3428 quo
3619 3344 3812 3407 vitam
3877 3344 4055 3426 virgo
4121 3359 4376 3405 omnem

844 3464 1217 3546 accepisset;
1264 3483 1347 3525 an
1379 3465 1649 3546 virginis
1692 3464 2040 3527 immolatio
2070 3466 2363 3547 primitus
2396 3469 2646 3527 narrata
2671 3464 2862 3527 fucrit
2902 3463 3077 3528 nulla
3118 3467 3311 3528 fontis
3353 3466 3597 3528 ratione
3629 3462 3860 3544 habita,
3877 3464 4069 3525 fontis
4101 3462 4381 3544 nympha

842 3580 1149 3646 celebrata
1198 3584 1281 3644 sit
1324 3583 1502 3646 nulla
1541 3584 1831 3646 heroicae
1875 3602 2185 3665 personae
2228 3585 2474 3646 ratione
2517 3582 2758 3646 habita:
2803 3588 2942 3647 tum
2986 3601 3144 3645 casu
3198 3602 3328 3647 non
3368 3582 3631 3662 accidit,
3678 3587 3746 3646 ut
3788 3581 3958 3665 apud
4004 3581 4378 3663 Euripidem

843 3718 1057 3783 neque
1101 3700 1292 3763 fontis
1334 3703 1572 3764 mentio
1604 3700 1713 3763 fiat
1757 3720 1970 3784 neque
2004 3701 2183 3784 virgo
2228 3703 2490 3764 nomine
2538 3707 2750 3765 utatur
2793 3703 2940 3766 ullo.
3004 3710 3259 3787 apparet
3299 3706 3550 3766 tertiam
3592 3702 3722 3764 litis
3764 3701 4153 3765 dirimendae
4184 3701 4380 3764 facul-

841 3823 1033 3882 tatem
1100 3839 1229 3882 non
1274 3838 1436 3883 esse.
1527 3839 1673 3883 cum
1721 3839 1873 3884 vero
1902 3820 2230 3903 Euripidis
2273 3821 2594 3904 tragoedia
2639 3822 2924 3885 mutilata
2956 3825 3056 3902 sit,
3097 3823 3175 3884 lis
3205 3828 3374 3884 certo
3416 3827 3553 3884 tum
3592 3820 3850 3883 demum
3883 3821 4109 3902 poterit
4144 3820 4381 3900 dirimi,

840 3958 987 4001 cum
1033 3913 1337 4001 idoneum
1381 3941 1816 4003 testimonium
1874 3948 2191 4025 repertum
2236 3943 2372 4012 crit,
2432 3961 2561 4024 quo
2621 3944 2917 4005 certiores
2965 3940 3196 4004 fiamus
3254 3940 3456 4004 fuisse
3510 3960 3661 4004 cum
3718 3939 3850 4002 filia
3910 3938 4208 4002 Herculis
4268 3943 4379 4002 aut

839 4058 1019 4120 nullo
1065 4064 1347 4121 uteretur
1388 4061 1647 4122 nomine
1709 4064 1819 4122 aut
1856 4060 1997 4123 alio.
2090 4079 2239 4123 nam
2297 4062 2353 4124 si
2407 4060 2660 4126 fabulae
2720 4063 2893 4144 origo
2957 4063 3025 4122 in
3081 4060 3251 4124 fonte
3317 4061 3455 4143 ipso
3507 4061 3631 4121 sita
3669 4058 3811 4140 fuit,
3882 4060 4106 4142 quinto
4151 4059 4376 4121 saltem

839 4178 1099 4241 saeculo
1161 4179 1426 4260 originis
1471 4178 1644 4242 illius
1704 4199 2093 4263 quemquam
2135 4181 2426 4244 nescium
2476 4181 2677 4244 fuisse
2730 4181 2989 4264 cogitari
3048 4180 3308 4242 omnino
3355 4181 3597 4260 nequit,
3685 4180 3911 4263 quodsi
3959 4178 4211 4241 deesset
4251 4178 4377 4241 tale

834 4299 1315 4379 testimonium,
1379 4297 1553 4361 nulla
1616 4298 2007 4362 divinatione
2052 4304 2271 4382 posset
2311 4299 2631 4381 suppleri,
2684 4299 3141 4381 fatendumque
3197 4305 3368 4362 esset
3411 4300 3694 4382 ingenue
3736 4318 3870 4362 rem
3913 4318 4044 4361 non
4111 4298 4371 4380 liquere.

837 4419 949 4481 sed
1005 4423 1254 4501 praesto
1311 4426 1406 4481 est
1467 4418 1624 4480 nulli
1685 4419 2070 4482 cavillationi
2128 4419 2506 4497 obnoxium,
2591 4417 2788 4481 schol.
2843 4418 3161 4502 Aristoph.
3217 4417 3383 4482 Plut.
3439 4418 3586 4498 385,
3653 4420 3792 4481 sive
3844 4419 4059 4500 potius
4120 4410 4202 4478 τὰ
4242 4416 4377 4477 λίαν

842 4528 1347 4621 ἐπιτετηδευμένα
1406 4528 1811 4622 ὑπομνήματα
1888 4537 1964 4600 ad
2031 4558 2196 4620 quac
2251 4543 2633 4622 provocatur
2717 4543 2936 4601 contra
3013 4538 3436 4601 Callistratum
3505 4537 4048 4620 Aristophaneum
4121 4537 4376 4618 scripta,

1171 4845 1220 4903 ‘i
1258 4844 1399 4911 Quid
1433 4841 1768 4912 ἀκρωτήριον
1801 4844 1877 4896 sit
1911 4843 2116 4910 ambigi
2150 4845 2367 4913 potest3
2401 4843 2614 4897 videtur
2648 4844 2795 4913 rupis
2832 4844 2914 4898 vel
2950 4842 3149 4898 montis
3193 4859 3325 4912 apex
3362 4860 3492 4896 esse.
3567 4841 3719 4894 cuius
3772 4856 3900 4894 usus
3936 4838 4220 4893 admodum
4261 4855 4374 4892 me·

835 4929 1094 4986 motabile
1124 4931 1370 4999 suppetit
1409 4930 1724 4999 exemplum.
1798 4928 2108 4983 Heraclides
2144 4931 2238 4999 qui
2284 4928 2488 4983 dicitur
2520 4929 2577 4982 in
2622 4931 2851 4986 Ceorum
2887 4928 3164 4999 republica
3198 4929 3434 4984 fabulam
3471 4931 3658 4982 narrat
3690 4926 3757 4982 de
3791 4927 4043 4996 nymphis
4079 4943 4108 4978 e
4143 4926 4254 4981 Cea
4288 4925 4373 4979 in·

833 5016 953 5070 sula
978 5016 1185 5069 alcone
1212 5014 1416 5083 fugatis
1440 5011 1523 5070 διᾶ
1547 5023 1636 5068 καὶ
1673 5012 2008 5083 ἀκρωτήριον
2035 5013 2126 5083 τῆς
2155 5019 2282 5071 Κέω
2306 5015 2443 5071 λέων
2467 5016 2725 5071 καλεῖται.
2765 5016 3092 5084 intellegunt
3123 5015 3590 5086 promunturium;
3622 5018 3683 5070 at
3703 5017 3950 5084 superest
3975 5014 4032 5068 iu
4059 5014 4168 5067 ceo
4193 5011 4371 5066 insula

833 5117 993 5171 rupes
1039 5101 1097 5156 iu
1130 5101 1300 5155 leonis
1333 5101 1679 5156 simulacrum
1731 5102 1956 5164 caelata,
2006 5118 2167 5171 quam
2229 5103 2297 5158 ab
2335 5101 2619 5158 Heraclide
2653 5104 2762 5158 isto
2795 5102 2906 5157 dici
2941 5101 3285 5156 manifestum
3325 5099 3548 5155 videtur.
3633 5101 3887 5155 eximium
3934 5099 4067 5153 artis
4126 5100 4373 5151 maturae

834 5190 1241 5243 monumentum
1281 5185 1700 5241 Broendstedius
1725 5188 1944 5243 exhibet
1980 5189 2037 5242 in
2075 5188 2353 5258 splendido
2390 5205 2550 5261 quem
2588 5188 2652 5243 de
2679 5189 2787 5243 Ceo
2825 5188 3068 5243 condidit
3105 5187 3241 5242 libro
3278 5189 3319 5240 t.
3356 5186 3453 5241 xl.
3525 5188 3640 5241 ficri
3677 5189 3858 5255 potest
3892 5188 3956 5240 ut
3990 5201 4077 5239 ars
4111 5199 4302 5239 saxum
4338 5199 4372 5235 a

835 5277 1032 5329 natura
1065 5272 1285 5328 ludente
1309 5273 1365 5328 iu
1399 5273 1568 5328 leonis
1602 5274 2012 5330 similitudinem
2049 5275 2427 5331 adumbratum
2464 5278 2590 5346 post
2624 5275 2924 5330 Heraclidis
2957 5275 3071 5329 sive
3107 5274 3418 5329 Aristotelis
3452 5277 3688 5328 actuum
3723 5271 3938 5326 demum
3973 5268 4334 5342 perpoliverit.
