4913 6032
2065 489 2141 498 -
2264 446 2367 516 xi
2479 489 2596 547 -·.

545 660 872 722 interfecto
920 678 1031 743 per
1073 659 1400 740 singulare
1458 662 1773 721 certarnen
1832 656 2028 737 Hyllo
2086 655 2383 720 Herculis
2426 657 2467 719 f.
2562 660 2803 740 spirant
2842 659 2997 748 haee
3030 661 3376 743 genuinam
3427 663 3889 744 antiquitatem,
3933 682 4081 725 cum

546 777 754 862 Tegea
806 778 1095 859 Spartam
1162 777 1619 857 aemulabatur,
1707 776 2222 859 septentrionalis
2290 778 2711 858 paeninsulae
2774 781 2949 861 regio
2995 778 3478 843 Heraclidarum
3544 783 3669 844 iam
3723 803 3761 844 a
3815 782 4078 844 meridie

544 902 921 963 irruentium
976 904 1241 963 conatus
1282 899 1522 961 fortiter
1563 896 1944 979 repellebat3
2013 916 2084 959 ac
2152 876 2486 979 postquam
2553 898 2768 959 omnia
2835 896 3184 979 Spartanae
3252 898 3512 961 militiae
3580 906 3931 978 cesserunt,
3994 919 4078 963 ex

544 1017 803 1082 Echemi
850 1020 1112 1081 victoria
1156 1018 1609 1101 primipilarem
1664 1020 1728 1079 in
1792 1019 1927 1080 acie
1973 1017 2180 1079 locum
2226 1014 2540 1098 Tegeatae
2600 1015 2720 1079 sibi
2769 1018 3092 1081 vindicare
3136 1017 3514 1101 pergebant,
3577 1019 3809 1082 fabulis
3856 1040 4076 1084 eorum

543 1137 785 1201 dudum
831 1138 1154 1199 communi
1198 1138 1363 1198 inter
1402 1116 1674 1199 Graecos
1725 1135 1891 1199 fama
1931 1137 2208 1199 sacratis
2301 1157 2338 1198 a
2396 1134 2633 1218 quibus
2697 1156 2824 1198 non
2881 1137 3088 1199 solum
3134 1157 3351 1220 pugna
3395 1137 3735 1219 Eurysthei
3782 1140 3894 1203 sed
3940 1142 4076 1224 ipse

544 1255 943 1336 Eurystheus
988 1276 1133 1318 cum
1182 1246 1350 1318 Iolao
1394 1261 1457 1317 et
1488 1255 1797 1317 Alcmena
1840 1254 2049 1317 aliena
2092 1260 2206 1317 est.
2297 1260 2509 1318 tamen
2555 1275 2638 1319 ne
2683 1255 3022 1339 Euripides
3056 1256 3311 1338 quidem
3345 1257 3739 1320 celeberrimi
3780 1261 4076 1323 facinoris

543 1376 881 1437 immemor
936 1375 1072 1455 fuit,
1130 1394 1343 1457 neque
1387 1374 1664 1455 suerunt,
1729 1375 1977 1456 opinor.
2033 1379 2416 1456 spectatores
2455 1380 2580 1437 tam
2628 1376 3036 1446 immemores
3084 1394 3276 1457 quam
3326 1376 3441 1458 qui
3483 1376 3669 1439 hodie
3707 1375 4075 1441 Heraclidas

544 1496 781 1577 legunt.
868 1494 1021 1576 quid
1058 1494 1278 1556 enim?
1326 1514 1482 1558 num
1533 1494 1892 1556 inconsulto
1930 1494 2003 1555 fit
2046 1498 2113 1556 ut
2158 1492 2395 1573 Hyllus
2443 1493 2873 1573 Eurystheum
2921 1493 2999 1555 ad
3044 1493 3369 1575 singulare
3415 1500 3734 1557 certamen
3778 1502 4077 1577 provocet

542 1622 688 1678 ante
732 1606 1057 1697 pugnaui?
1119 1634 1247 1676 non
1290 1621 1420 1677 tam
1466 1620 1536 1676 ut
1587 1615 1845 1696 ignavia
1904 1614 2159 1693 tyranni
2216 1619 2601 1696 proponatur
2660 1614 3030 1695 ceteroquin
3096 1615 3360 1676 minime
3420 1614 3681 1695 abiecti,
3749 1635 3940 1697 quam
4007 1622 4078 1679 ut

541 1733 713 1795 illins
744 1735 1107 1797 certaminis
1152 1736 1389 1797 mentio
1434 1738 1597 1796 tecte
1640 1734 1936 1796 iniciatur
1980 1735 2043 1796 in
2079 1753 2206 1817 quo
2250 1730 2700 1795 succubiturus
2745 1738 2878 1795 erat
2907 1731 3160 1813 Hyllus.
3233 1734 3440 1796 solent
3483 1736 3656 1797 enim
3703 1736 3922 1818 tragici
3965 1736 4075 1797 tali

538 1852 798 1915 artificio
854 1853 1019 1915 alius
1071 1852 1321 1915 fabulae
1383 1860 1491 1915 aut
1549 1858 1716 1913 certe
1777 1851 1956 1914 aliter
2015 1852 2437 1915 conformatae
2485 1854 2870 1932 spectatores
2922 1838 3499 1929 commonefacere3
3570 1872 3696 1934 quo
3764 1853 3842 1916 de
3901 1873 4074 1916 more

539 1972 664 2034 dici
714 1980 983 2054 possunt
1025 1970 1220 2032 multa
1263 1968 1326 2031 e't
1365 1969 1682 2052 elegantia
1705 1970 1779 2049 *).
1870 1970 1980 2033 sed
2038 1990 2158 2033 nos
2207 1992 2371 2054 quae
2426 1972 2596 2054 apud
2642 1970 3144 2054 Peloponnesios
3205 1991 3331 2034 non
3392 1974 3762 2035 invenimus
3822 1975 3944 2036 iam
3995 1972 4072 2036 ab

539 2095 634 2154 eis
700 2090 1057 2154 Heraclidis
1121 2096 1502 2172 repetamus,
1569 2091 1680 2173 qui
1744 2111 1889 2152 cum
1956 2091 2416 2172 irruptionibus
2486 2093 2549 2152 in
2617 2089 3139 2171 Peloponnesum
3204 2093 3520 2173 susceptis
3592 2091 4074 2172 abstinuissent,

538 2215 749 2273 tamen
800 2230 926 2272 non
976 2211 1222 2272 minore
1268 2209 1410 2271 odio
1458 2210 1521 2270 iu
1579 2209 1837 2271 eosdem
1883 2211 2225 2292 aliquando
2268 2210 2537 2293 populos
2583 2209 2969 2292 flagrabant,
3024 2230 3292 2292 quorum
3341 2231 3539 2293 regna
3583 2232 3619 2273 a
3665 2211 4074 2295 popularibus

539 2349 755 2393 eorum
846 2331 1085 2392 sensim
1172 2325 1660 2410 occupabantur.
1777 2332 1990 2412 itaque
2073 2333 2139 2392 in
2223 2349 2404 2392 suam
2490 2348 2747 2412 quoque
2831 2331 3251 2410 ignominiam
3322 2331 3534 2393 iactari
3611 2328 4076 2393 arbitrabantur

540 2448 802 2511 Echemi
834 2449 1033 2532 spolia
1064 2450 1273 2530 opima
1304 2468 1389 2511 ex
1421 2446 1691 2510 Gerania
1730 2468 1889 2530 rupe
1930 2454 2259 2531 reportata,
2305 2468 2423 2511 nec
2452 2451 2730 2512 cessavit
2767 2448 3094 2531 popularis
3125 2449 3384 2531 spiritus
3417 2447 3691 2511 fabulam
3724 2468 4073 2532 procreare,

538 2588 701 2650 quae
747 2571 845 2631 sui
899 2570 1104 2631 herois
1161 2569 1425 2651 gloriam
1485 2569 1675 2630 etiam
1732 2588 1845 2651 per
1891 2567 2196 2630 miracula
2260 2569 2420 2631 ultra
2466 2570 2759 2630 inimicos
2805 2568 3152 2630 extolleret.
3243 2565 3607 2630 Thebanam
3651 2568 3925 2631 fabulam
3979 2571 4073 2632 in-

535 2694 774 2770 tegram
836 2688 1091 2770 quidem
1160 2687 1345 2771 nobis
1411 2688 1637 2768 invidit
1682 2687 2173 2750 Atheniensium
2221 2687 2552 2769 cupiditas,
2621 2706 2786 2769 quae
2843 2687 2992 2750 inde
3057 2686 3134 2749 ab
3181 2690 3505 2769 Apaturiis
3571 2689 3635 2749 in
3687 2687 4069 2752 Boeotorum

536 2809 941 2888 potissimum
989 2808 1125 2869 iura
1177 2807 1475 2869 invadere
1525 2808 1703 2885 solet,
1760 2806 1868 2868 sed
1917 2808 2027 2888 qui
2074 2826 2247 2868 unus
2294 2809 2530 2889 patriae
2572 2807 2836 2888 gloriam
2891 2807 3171 2868 vindicat
3221 2805 3535 2869 Pindarus
3582 2814 3693 2869 est.
3783 2806 3964 2888 Pyth.
4013 2812 4073 2883 9,

541 2927 619 2989 79
662 2932 915 3009 propter
966 2928 1314 3006 victoriani,
1370 2944 1563 3009 quam
1610 2927 1673 2987 in
1735 2924 1942 2988 Iolaiis
1985 2923 2305 2987 Thebanis
2350 2922 2769 2988 Telesicrates
2818 2925 3194 3006 Cyrenaeus
3255 2929 3617 3010 reportavit,
3681 2930 4067 2992 mentionem

537 3048 1017 3130 Amphitryonis
1076 3046 1351 3110 filiorum
1411 3048 1623 3109 inicit:
1694 3049 1862 3128 ἔγνον
1925 3043 2078 3106 ποτὲ
2132 3046 2232 3106 καὶ
2282 3035 2528 3105 Ἰόλαον
2591 3042 2701 3105 οὐκ
2745 3037 3128 3130 ἀτιμάσαντά
3172 3070 3254 3107 νιν
3300 3061 3415 3124 (se.
3458 3039 3708 3132 καιρόν)’
3737 3040 4070 3114 ἑπτάπυλοι

538 3167 764 3245 Θῆβαι·
810 3159 934 3243 τόν,
984 3164 1332 3252 Εὐρυσθῆος
1377 3166 1502 3227 ἐπεὶ
1545 3159 1814 3250 κεφαλὰν
1855 3169 2080 3250 ἔπραθε
2126 3154 2434 3249 φασγάνου
2481 3161 2650 3248 ἀκμᾷ,
2695 3155 2918 3249 κρύψαν
2963 3162 3142 3250 ἔνερθ’
3183 3159 3296 3227 ὑπὸ
3341 3170 3455 3249 γᾶν
3495 3157 3834 3251 διφρηλάτα
3859 3164 4070 3251 Ἀμφι-

537 3275 794 3367 τρύωνος
859 3275 1101 3368 σάματι.
1190 3286 1423 3367 largam
1487 3285 1597 3348 scd
1657 3286 1929 3347 Atticam
1976 3284 2313 3346 scholiasta
2360 3285 2676 3366 expromit
2720 3284 3084 3346 doctrinam.
3179 3286 3390 3367 itaque
3436 3284 3620 3347 nobis
3667 3288 3803 3349 sola
3847 3292 4070 3369 poetae

539 3401 733 3465 verba
773 3403 1193 3485 expendenda
1234 3411 1399 3465 sunt.
1490 3402 1742 3467 Thebae
1790 3403 1943 3466 Iolai
1988 3404 2236 3466 facinus
2282 3402 2608 3464 viderunt:
2654 3419 2803 3483 ergo
2849 3398 3081 3462 Thebis
3127 3403 3263 3480 fuit,
3301 3421 3432 3463 non
3475 3402 3858 3474 Marathone,
3904 3401 4069 3466 The-

535 3519 766 3604 bisque
811 3520 1380 3603 expostulabantur
1436 3519 1826 3616 Heraclidae.
1919 3530 2107 3603 caput
2164 3520 2435 3584 abscidit
2479 3520 2851 3601 Eurysthei:
2923 3541 3037 3582 cur
3081 3520 3197 3582 hoc.
3241 3521 3436 3582 fecit‘?
3493 3520 3601 3583 ubi
3650 3542 3900 3604 corpus,
3959 3522 4070 3585 ubi

535 3645 722 3726 caput
763 3641 1013 3722 sepulta
1058 3643 1251 3703 sunt?
1295 3643 1363 3703 in
1417 3661 1668 3704 summo
1715 3641 2081 3703 discrimine
2126 3642 2370 3704 fortiter
2410 3641 2559 3702 fecit
2605 3635 2834 3725 (καιρὸν
2881 3637 2991 3701 οὖν.
3033 3637 3290 3724 ἠτίμασε
3334 3642 3440 3702 cfr.
3489 3639 3706 3702 Herm.
3737 3639 3850 3700 XV
3899 3644 4068 3721 508),

533 3767 675 3845 post
729 3764 1055 3824 victoriam
1125 3761 1331 3823 statim
1400 3761 1519 3824 fuit
1585 3760 2026 3843 sepeliendus:
2097 3762 2466 3843 quaerimus
2532 3758 2845 3834 fabulam,
2913 3762 3013 3822 cui
3077 3759 3232 3822 haec
3286 3761 3685 3822 conveniant.
3780 3762 4068 3842 sepultus

518 3871 665 3943 ⁸erat
720 3862 1118 3961 Eurystheus
1176 3882 1357 3943 iuxta
1414 3880 1682 3961 Hyllum
1745 3883 1809 3943 in
1858 3880 2129 3978 Gerania
2193 3884 2351 3941 teste
2411 3878 2734 3942 Pausania
2793 3878 2842 3958 (Ι
2901 3879 3060 3952 fin),
3118 3898 3524 3962 nequaquam
3585 3899 3663 3941 ex
3716 3880 4068 3943 Athenien-

534 4003 701 4062 sium
748 4001 891 4078 fide,
933 4005 1043 4084 qui
1087 4002 1403 4065 tumulum
1451 4003 1592 4063 eius
1625 4000 1905 4082 Gai-gotti
1948 3997 2402 4068 monstrabant,
2453 3999 2566 4061 sed
2617 3999 2824 4062 eidem
2867 3999 3313 4065 Athenienses,
3355 4001 3491 4080 ipso
3537 3998 3839 4081 Euripide
3884 4004 4066 4069 teste.

532 4139 816 4202 pugnam
862 4119 1120 4201 quidem
1170 4118 1289 4182 sub
1328 4118 1653 4181 Minervae
1683 4116 2032 4180 Pallenidis
2075 4117 2222 4179 sano
2256 4117 2565 4179 accidisse
2612 4117 2855 4182 volunt.
2901 4122 3112 4178 tamen
3160 4123 3411 4199 captum
3456 4137 3601 4178 esse
3635 4117 4063 4197 Eurystheum

531 4241 598 4302 in
646 4239 935 4301 Gerania.
1029 4238 1198 4320 quod
1245 4240 1327 4300 ita
1371 4239 1627 4301 demum
1675 4238 2085 4320 intellegitur,
2138 4244 2209 4298 ut
2256 4236 2570 4299 Geraniae
2618 4238 2853 4298 mentio
2905 4255 2984 4298 ne
3029 4234 3107 4297 ab
3153 4238 3247 4296 eis
3296 4236 3554 4318 quidem
3602 4239 3888 4318 potuisse
3934 4257 4067 4299 cre-

531 4359 715 4422 datur
759 4358 981 4450 omitti,
1024 4358 1137 4440 qui
1183 4358 1549 4438 sepulcrum
1594 4357 1713 4420 sibi
1766 4357 2175 4420 vindicarent.
2268 4355 2505 4438 pendet
2551 4357 2744 4438 igitur
2785 4375 2868 4417 ex
2897 4353 3199 4417 Thebana
3243 4357 3450 4417 Attica
3496 4354 3722 4417 fabula.
3777 4356 3868 4417 illi
3914 4376 4064 4420 vero

534 4500 723 4562 quam
758 4479 1036 4540 maxime
1067 4479 1408 4539 convenire
1441 4477 1779 4539 Gerania-m
1825 4481 1959 4539 tum
1992 4477 2248 4552 demum
2294 4477 2480 4559 plene
2511 4475 2935 4558 intellegetur,
2981 4494 3127 4536 cum
3175 4474 3846 4552 demonstraverimus,
3893 4475 4062 4557 quod

532 4618 705 4660 nunc
735 4618 859 4660 non
895 4597 1061 4677 licet,
1088 4596 1290 4659 fuisse
1319 4616 1465 4659 cum
1492 4595 1765 4678 Megaris
1790 4595 2092 4658 Boeotiae
2126 4596 2439 4658 diceretur
2470 4597 2665 4678 regio,
2699 4597 2785 4657 ita
2814 4602 2887 4657 ut
2918 4597 2982 4657 in
3014 4593 3251 4657 finibus
3284 4613 3621 4675 regnorum
3655 4613 3874 4676 pugna
3903 4595 4065 4656 acci-

532 4716 720 4778 deret.
786 4723 972 4798 caput
998 4715 1342 4795 Eurysthei
1374 4714 1695 4776 abscisum
1725 4721 1959 4777 norunt
1987 4714 2199 4777 Atthis
2229 4718 2291 4776 et
2320 4712 2700 4778 bibliotheca
2730 4714 3170 4797 Apollodorea.
3237 4713 3573 4796 Euripides
3623 4714 3774 4777 haec
3806 4714 4060 4796 quidem

862 5141 918 5206 ⁴¹)
965 5138 1149 5192 Possit
1190 5137 1455 5207 quispiam
1507 5139 1590 5193 vel
1637 5142 1860 5191 eatenus
1896 5137 2178 5207 procedere
2218 5141 2281 5191 ut
2315 5139 2443 5192 hinc
2480 5138 2716 5205 colligat
2750 5137 2917 5190 fuisse
2953 5141 3080 5191 ante
3115 5136 3427 5205 Euripidem
3464 5137 3557 5205 qui
3595 5137 3958 5204 Eurystheum
3994 5136 4062 5188 ab

532 5226 689 5294 Hyllo
715 5225 937 5278 dixisset
962 5226 1196 5278 occisum
1222 5241 1352 5279 esse.
1390 5224 1486 5279 sed
1508 5226 1643 5280 Iolai
1668 5227 1885 5294 propria
1909 5226 2043 5279 haec
2066 5226 2183 5279 laus
2208 5226 2261 5278 in
2291 5225 2516 5293 antiqua
2542 5224 2738 5286 fabula,
2766 5229 2824 5277 et
2849 5223 2989 5293 quod
3018 5224 3402 5292 mythographi
3434 5223 3490 5276 id
3515 5224 3691 5292 ipsum
3717 5225 3798 5277 ita
3823 5235 4059 5280 narrant.

468 5369 475 5376 ¹
527 5312 788 5366 debebant
824 5316 1043 5381 propter
1078 5313 1326 5380 putidum
1364 5312 1574 5366 ieiunae
1611 5312 2011 5381 probabilitatis
2044 5312 2284 5365 studium
2321 5310 2483 5364 robur
2521 5311 2652 5364 Iolai
2692 5326 2784 5378 per
2810 5309 3124 5364 miraculum
3151 5311 3476 5363 resuscitatu
3506 5310 3572 5362 de
3598 5308 3771 5364 medio
3797 5310 4000 5362 tollere.
